<?xml version="1.0" encoding="UTF-8"?>
<marc:collection xmlns:marc="http://www.loc.gov/MARC21/slim">
   <marc:record>
      <marc:leader>-----nz--a22-----n--4500</marc:leader>
   </marc:record>
   <marc:record>
      <marc:controlfield tag="001">000003593</marc:controlfield>
      <marc:controlfield tag="003">CZ-PlERL</marc:controlfield>
      <marc:controlfield tag="005">20181016132343.0</marc:controlfield>
      <marc:controlfield tag="008">030922-n-acnnnaabn-----------n-a-a------</marc:controlfield>
      <marc:datafield tag="040" ind1=" " ind2=" ">
         <marc:subfield code="a">PNA001</marc:subfield>
         <marc:subfield code="b">cze</marc:subfield>
      </marc:datafield>
      <marc:datafield tag="100" ind1="1" ind2=" ">
         <marc:subfield code="a">Šlik, Kašpar,</marc:subfield>
         <marc:subfield code="d">asi 1400-1449</marc:subfield>
         <marc:subfield code="7">jn20000728706</marc:subfield>
      </marc:datafield>
      <marc:datafield tag="R04" ind1=" " ind2=" ">
         <marc:subfield code="a">13.- 14.století</marc:subfield>
      </marc:datafield>
      <marc:datafield tag="R04" ind1=" " ind2=" ">
         <marc:subfield code="a">1419-1437</marc:subfield>
      </marc:datafield>
      <marc:datafield tag="R04" ind1=" " ind2=" ">
         <marc:subfield code="a">1437-1618</marc:subfield>
      </marc:datafield>
      <marc:datafield tag="R05" ind1=" " ind2=" ">
         <marc:subfield code="o">Cheb</marc:subfield>
         <marc:subfield code="m">Cheb</marc:subfield>
      </marc:datafield>
      <marc:datafield tag="R05" ind1=" " ind2=" ">
         <marc:subfield code="o">Sokolov</marc:subfield>
         <marc:subfield code="m">Sokolov</marc:subfield>
      </marc:datafield>
      <marc:datafield tag="R05" ind1=" " ind2=" ">
         <marc:subfield code="o">Sokolov</marc:subfield>
         <marc:subfield code="m">Loket</marc:subfield>
      </marc:datafield>
      <marc:datafield tag="R05" ind1=" " ind2=" ">
         <marc:subfield code="o">Karlovy Vary</marc:subfield>
         <marc:subfield code="m">Ostrov</marc:subfield>
      </marc:datafield>
      <marc:datafield tag="R05" ind1=" " ind2=" ">
         <marc:subfield code="o">Karlovy Vary</marc:subfield>
         <marc:subfield code="m">Hroznětín</marc:subfield>
      </marc:datafield>
      <marc:datafield tag="R05" ind1=" " ind2=" ">
         <marc:subfield code="o">Karlovy Vary</marc:subfield>
         <marc:subfield code="m">Andělská Hora</marc:subfield>
      </marc:datafield>
      <marc:datafield tag="R06" ind1=" " ind2=" ">
         <marc:subfield code="a">kancléři</marc:subfield>
      </marc:datafield>
      <marc:datafield tag="R06" ind1=" " ind2=" ">
         <marc:subfield code="a">šlechtici</marc:subfield>
      </marc:datafield>
      <marc:datafield tag="R07" ind1=" " ind2=" ">
         <marc:subfield code="a">Český šlechtic a politik, původně měšťanského původu. Roku 1434 říšský kancléř, budovatel panství v západních Čechách.</marc:subfield>
      </marc:datafield>
      <marc:datafield tag="R10" ind1=" " ind2=" ">
         <marc:subfield code="a">Kašpar Šlik z Holíče a Pasaunu. Kašpar Schlick. Rok narození přibližný.</marc:subfield>
      </marc:datafield>
      <marc:datafield tag="670" ind1=" " ind2=" ">
         <marc:subfield code="a">Kumpera, Jan. Šlépěje milénia. Kašpar Šlik z Holíče a Pasaunu. Plzeňský deník, 10, 2001, 2.VI., č. 128, s. 25. - 1 obr.</marc:subfield>
      </marc:datafield>
      <marc:datafield tag="678" ind1="0" ind2=" ">
         <marc:subfield code="a">Narozen 1400, zemřel 4.7.1449. Šlechtic, politik.</marc:subfield>
      </marc:datafield>
      <marc:datafield tag="909" ind1=" " ind2=" ">
         <marc:subfield code="a">CZ</marc:subfield>
      </marc:datafield>
      <marc:datafield tag="KDN" ind1=" " ind2=" ">
         <marc:subfield code="a">14000000</marc:subfield>
      </marc:datafield>
      <marc:datafield tag="KDU" ind1=" " ind2=" ">
         <marc:subfield code="a">14490704</marc:subfield>
      </marc:datafield>
      <marc:datafield tag="KFW" ind1=" " ind2=" ">
         <marc:subfield code="a">2014</marc:subfield>
         <marc:subfield code="b">07</marc:subfield>
         <marc:subfield code="c">04</marc:subfield>
      </marc:datafield>
      <marc:leader>-----nz--a22-----n--4500</marc:leader>
   </marc:record>