
   <marc:record>
      <marc:controlfield tag="001">000000192</marc:controlfield>
      <marc:controlfield tag="003">CZ-PlERL</marc:controlfield>
      <marc:controlfield tag="005">20171019144823.0</marc:controlfield>
      <marc:controlfield tag="008">020613-n-acnnnaabn-----------n-a-a------</marc:controlfield>
      <marc:datafield tag="040" ind1=" " ind2=" ">
         <marc:subfield code="a">PNA001</marc:subfield>
         <marc:subfield code="b">cze</marc:subfield>
      </marc:datafield>
      <marc:datafield tag="100" ind1="1" ind2=" ">
         <marc:subfield code="a">Brůha, Oldřich,</marc:subfield>
         <marc:subfield code="d">1905-1978</marc:subfield>
         <marc:subfield code="7">jk01013297</marc:subfield>
         <marc:subfield code="s">prof. dr., Ing.</marc:subfield>
      </marc:datafield>
      <marc:datafield tag="R02" ind1=" " ind2=" ">
         <marc:subfield code="o">Klatovy</marc:subfield>
         <marc:subfield code="m">Čachrov</marc:subfield>
      </marc:datafield>
      <marc:datafield tag="R03" ind1=" " ind2=" ">
         <marc:subfield code="o">Praha</marc:subfield>
         <marc:subfield code="m">Praha</marc:subfield>
      </marc:datafield>
      <marc:datafield tag="R04" ind1=" " ind2=" ">
         <marc:subfield code="a">Technika.Všeobecné technické disciplíny.Dějiny techniky</marc:subfield>
      </marc:datafield>
      <marc:datafield tag="R05" ind1=" " ind2=" ">
         <marc:subfield code="o">Praha</marc:subfield>
         <marc:subfield code="m">Praha</marc:subfield>
      </marc:datafield>
      <marc:datafield tag="R05" ind1=" " ind2=" ">
         <marc:subfield code="o">Francie</marc:subfield>
         <marc:subfield code="m">Paříž</marc:subfield>
      </marc:datafield>
      <marc:datafield tag="R05" ind1=" " ind2=" ">
         <marc:subfield code="o">Egypt</marc:subfield>
         <marc:subfield code="m">Káhira</marc:subfield>
      </marc:datafield>
      <marc:datafield tag="R06" ind1=" " ind2=" ">
         <marc:subfield code="a">technika</marc:subfield>
      </marc:datafield>
      <marc:datafield tag="R06" ind1=" " ind2=" ">
         <marc:subfield code="a">učitelé</marc:subfield>
      </marc:datafield>
      <marc:datafield tag="R06" ind1=" " ind2=" ">
         <marc:subfield code="a">letectví</marc:subfield>
      </marc:datafield>
      <marc:datafield tag="R06" ind1=" " ind2=" ">
         <marc:subfield code="a">letecká mechanika</marc:subfield>
      </marc:datafield>
      <marc:datafield tag="R06" ind1=" " ind2=" ">
         <marc:subfield code="a">odborní publicisté</marc:subfield>
      </marc:datafield>
      <marc:datafield tag="R07" ind1=" " ind2=" ">
         <marc:subfield code="a">Vysokoškolský pedagog, profesor technické mechaniky na Strojní fakultě Českého vysokého učení technického v Praze. V roce 1924 maturoval na klatovském gymnáziu. Specialista v oblasti letecké mechaniky, odborný publicista.</marc:subfield>
      </marc:datafield>
      <marc:datafield tag="670" ind1=" " ind2=" ">
         <marc:subfield code="a">Profesor Ing. Dr. Oldřich Brůha zemřel. Nové Klatovsko, 1978, 15,IX., č. 37, s. 3</marc:subfield>
      </marc:datafield>
      <marc:datafield tag="670" ind1=" " ind2=" ">
         <marc:subfield code="a">Brousková, Libuše. Ing. Dr. Oldřich Brůha. Klatovský deník, 9, 2000, 22.I., č. 18, s. 12</marc:subfield>
      </marc:datafield>
      <marc:datafield tag="670" ind1=" " ind2=" ">
         <marc:subfield code="a">Brousková, Libuše. Ing. Dr. Oldřich Brůha. Klatovský deník, 14, 2005, 12.I., č. 9, s. 10</marc:subfield>
      </marc:datafield>
      <marc:datafield tag="678" ind1="0" ind2=" ">
         <marc:subfield code="a">Narozen 2.1.1905 v Čachrově (Klatovy), zemřel 1.9.1978 v Praze. Dr.techn.ing., profesor technické mechaniky, práce z oboru.</marc:subfield>
      </marc:datafield>
      <marc:datafield tag="909" ind1=" " ind2=" ">
         <marc:subfield code="a">CZ</marc:subfield>
      </marc:datafield>
      <marc:datafield tag="KDN" ind1=" " ind2=" ">
         <marc:subfield code="a">19050102</marc:subfield>
      </marc:datafield>
      <marc:datafield tag="KDU" ind1=" " ind2=" ">
         <marc:subfield code="a">19780901</marc:subfield>
      </marc:datafield>
      <marc:datafield tag="KFW" ind1=" " ind2=" ">
         <marc:subfield code="a">2010</marc:subfield>
         <marc:subfield code="b">01</marc:subfield>
         <marc:subfield code="c">02</marc:subfield>
      </marc:datafield>
      <marc:datafield tag="KFW" ind1=" " ind2=" ">
         <marc:subfield code="a">2013</marc:subfield>
         <marc:subfield code="b">09</marc:subfield>
         <marc:subfield code="c">01</marc:subfield>
      </marc:datafield>
      <marc:leader>-----nz--a22-----n--4500</marc:leader>
   </marc:record>