
   <marc:record>
      <marc:controlfield tag="001">000000809</marc:controlfield>
      <marc:controlfield tag="003">CZ-PlERL</marc:controlfield>
      <marc:controlfield tag="005">20161017114418.0</marc:controlfield>
      <marc:controlfield tag="008">031008-n-acnnnaabn-----------n-a-a------</marc:controlfield>
      <marc:datafield tag="040" ind1=" " ind2=" ">
         <marc:subfield code="a">PNA001</marc:subfield>
         <marc:subfield code="b">cze</marc:subfield>
      </marc:datafield>
      <marc:datafield tag="100" ind1="1" ind2=" ">
         <marc:subfield code="a">Krejčí, Jan,</marc:subfield>
         <marc:subfield code="d">1825-1887</marc:subfield>
         <marc:subfield code="7">jk01063196</marc:subfield>
         <marc:subfield code="s">prof. PhDr.</marc:subfield>
      </marc:datafield>
      <marc:datafield tag="R02" ind1=" " ind2=" ">
         <marc:subfield code="o">Klatovy</marc:subfield>
         <marc:subfield code="m">Klatovy</marc:subfield>
      </marc:datafield>
      <marc:datafield tag="R03" ind1=" " ind2=" ">
         <marc:subfield code="o">Praha</marc:subfield>
         <marc:subfield code="m">Praha</marc:subfield>
      </marc:datafield>
      <marc:datafield tag="R04" ind1=" " ind2=" ">
         <marc:subfield code="a">Pedologie. Mineralogie. Geologie. (Geologický výzkum). Petrografie. Paleontologie</marc:subfield>
      </marc:datafield>
      <marc:datafield tag="R05" ind1=" " ind2=" ">
         <marc:subfield code="o">Praha</marc:subfield>
         <marc:subfield code="m">Praha</marc:subfield>
      </marc:datafield>
      <marc:datafield tag="R06" ind1=" " ind2=" ">
         <marc:subfield code="a">geologové</marc:subfield>
      </marc:datafield>
      <marc:datafield tag="R06" ind1=" " ind2=" ">
         <marc:subfield code="a">mineralogové</marc:subfield>
      </marc:datafield>
      <marc:datafield tag="R06" ind1=" " ind2=" ">
         <marc:subfield code="a">univerzitní pedagogové</marc:subfield>
      </marc:datafield>
      <marc:datafield tag="R06" ind1=" " ind2=" ">
         <marc:subfield code="a">odborní publicisté</marc:subfield>
      </marc:datafield>
      <marc:datafield tag="R07" ind1=" " ind2=" ">
         <marc:subfield code="a">Geolog, mineralog, profesor na Karlově univerzitě v Praze, odborný publicista.</marc:subfield>
      </marc:datafield>
      <marc:datafield tag="670" ind1=" " ind2=" ">
         <marc:subfield code="a">Gruber, Josef. Seminář k 100. výročí úmrtí prof. Jana Krejčího. Minulostí Západočeského kraje. [Sv.] 24. Plzeň, Západočeské nakladatelství 1988, s. 261-262</marc:subfield>
      </marc:datafield>
      <marc:datafield tag="670" ind1=" " ind2=" ">
         <marc:subfield code="a">(in). Novodobý mineralog. Pravda, 66, 1985, 13. IV., č. 87, příloha, s. 8</marc:subfield>
      </marc:datafield>
      <marc:datafield tag="670" ind1=" " ind2=" ">
         <marc:subfield code="a">(gj). O klatovském rodákovi. Nové Klatovsko, 29, 1988, 9. IV., č. 14, s. 3</marc:subfield>
      </marc:datafield>
      <marc:datafield tag="670" ind1=" " ind2=" ">
         <marc:subfield code="a">(jph). Klatovský rodák. Pravda, 68, 1987, 4.VIII., č. 180, s. 5</marc:subfield>
      </marc:datafield>
      <marc:datafield tag="670" ind1=" " ind2=" ">
         <marc:subfield code="a">Gruber, Josef. Geolog Jan Krejčí. [Recenze sborníku]. Minulostí Západočeského kraje. [Sv.] 25. Plzeň, Západočeské nakladatelství 1989, s. 306-307</marc:subfield>
      </marc:datafield>
      <marc:datafield tag="670" ind1=" " ind2=" ">
         <marc:subfield code="a">Sádlíková, Hana. Profesor přírodních věd - slavný klatovský rodák. Klatovský deník, 2, 1994, 15.IV., č. 88, s. 11. - 1 fot.</marc:subfield>
      </marc:datafield>
      <marc:datafield tag="670" ind1=" " ind2=" ">
         <marc:subfield code="a">Protiva, Josef. Významný český geolog z Klatov. Klatovský deník, 3, 1995, 1.III., č. 51, s. 11. - 1 fot.</marc:subfield>
      </marc:datafield>
      <marc:datafield tag="670" ind1=" " ind2=" ">
         <marc:subfield code="a">Kříž, Martin. Pomník dr. Jana Krejčího. Klatovský deník. Deníky Bohemia, 4, 1996, 30.VIII., č. 203, s. 12. - 1 fot.</marc:subfield>
      </marc:datafield>
      <marc:datafield tag="670" ind1=" " ind2=" ">
         <marc:subfield code="a">(br). Regionální kalendárium. 1.8. Klatovský deník, 6, 1997, 29.VII., č. 175, s. 15</marc:subfield>
      </marc:datafield>
      <marc:datafield tag="670" ind1=" " ind2=" ">
         <marc:subfield code="a">Brousková, Libuše. Krejčího nábřeží. Klatovský deník, 7, 1998, 4.XII., č. 284, s. 15. - 1 fot.</marc:subfield>
      </marc:datafield>
      <marc:datafield tag="670" ind1=" " ind2=" ">
         <marc:subfield code="a">Brousková, Libuše. Před 175. lety se v Klatovech narodil univerzitní profesor PhDr. Jan Krejčí. Klatovský deník, 9, 2000, 28.II., č. 49, s. 24</marc:subfield>
      </marc:datafield>
      <marc:datafield tag="670" ind1=" " ind2=" ">
         <marc:subfield code="a">Kumpera, Jan. Šlépěje milénia. Jan Krejčí. Plzeňský deník, 9, 2000, 18.XI., č. 268, s. 29. - 1 obr.</marc:subfield>
      </marc:datafield>
      <marc:datafield tag="670" ind1=" " ind2=" ">
         <marc:subfield code="a">Brousková, Libuše. Geolog Jan Krejčí. Klatovský deník, 14, 2005, 28.II., č. 49, s. 12</marc:subfield>
      </marc:datafield>
      <marc:datafield tag="670" ind1=" " ind2=" ">
         <marc:subfield code="a">Fišer, Marcel. Pomník geologa Jana Krejčího v Klatovech. Sborník prcí z historie a dějin umění 6/2011. Klatovy : Historická společnost Klatovy : Vlastivědné muzeum Dr. Hostaše v Klatovech 2011, s. [79]-93. - 9 fot.</marc:subfield>
      </marc:datafield>
      <marc:datafield tag="670" ind1=" " ind2=" ">
         <marc:subfield code="a">Rous, Josef. Bibliografie západočeských geografů. Plzeň, Západočeské muzeum 1975, s. 44-45. (Západočeské muzeum v Plzni. Příroda. Sv. 13)</marc:subfield>
      </marc:datafield>
      <marc:datafield tag="678" ind1="0" ind2=" ">
         <marc:subfield code="a">Narozen 28.2.1825 v Klatovech, zemřel 1.8.1887 v Praze. PhDr., profesor mineralogie a geologie, odborný publicista, překladatel.</marc:subfield>
      </marc:datafield>
      <marc:datafield tag="909" ind1=" " ind2=" ">
         <marc:subfield code="a">CZ</marc:subfield>
      </marc:datafield>
      <marc:datafield tag="KDN" ind1=" " ind2=" ">
         <marc:subfield code="a">18250228</marc:subfield>
      </marc:datafield>
      <marc:datafield tag="KDU" ind1=" " ind2=" ">
         <marc:subfield code="a">18870801</marc:subfield>
      </marc:datafield>
      <marc:datafield tag="KFW" ind1=" " ind2=" ">
         <marc:subfield code="a">2010</marc:subfield>
         <marc:subfield code="b">02</marc:subfield>
         <marc:subfield code="c">28</marc:subfield>
      </marc:datafield>
      <marc:datafield tag="KFW" ind1=" " ind2=" ">
         <marc:subfield code="a">2012</marc:subfield>
         <marc:subfield code="b">h</marc:subfield>
      </marc:datafield>
      <marc:datafield tag="KFW" ind1=" " ind2=" ">
         <marc:subfield code="a">2012</marc:subfield>
         <marc:subfield code="b">08</marc:subfield>
         <marc:subfield code="c">01</marc:subfield>
      </marc:datafield>
      <marc:leader>-----nz--a22-----n--4500</marc:leader>
   </marc:record>