
   <marc:record>
      <marc:controlfield tag="001">000007513</marc:controlfield>
      <marc:controlfield tag="003">CZ-PlERL</marc:controlfield>
      <marc:controlfield tag="005">20180220101735.0</marc:controlfield>
      <marc:controlfield tag="008">161006-n-acnnnaabn-----------n-a-a------</marc:controlfield>
      <marc:datafield tag="040" ind1=" " ind2=" ">
         <marc:subfield code="a">PNA001</marc:subfield>
         <marc:subfield code="b">cze</marc:subfield>
      </marc:datafield>
      <marc:datafield tag="100" ind1="1" ind2=" ">
         <marc:subfield code="a">Grösslová, Radka</marc:subfield>
      </marc:datafield>
      <marc:datafield tag="R04" ind1=" " ind2=" ">
         <marc:subfield code="a">Výtvarné umění</marc:subfield>
      </marc:datafield>
      <marc:datafield tag="R05" ind1=" " ind2=" ">
         <marc:subfield code="o">Klatovy</marc:subfield>
         <marc:subfield code="m">Klatovy</marc:subfield>
      </marc:datafield>
      <marc:datafield tag="R05" ind1=" " ind2=" ">
         <marc:subfield code="o">Klatovy</marc:subfield>
         <marc:subfield code="m">Janovice nad Úhlavou</marc:subfield>
      </marc:datafield>
      <marc:datafield tag="R06" ind1=" " ind2=" ">
         <marc:subfield code="a">výtvarnice</marc:subfield>
      </marc:datafield>
      <marc:datafield tag="R06" ind1=" " ind2=" ">
         <marc:subfield code="a">galeristky</marc:subfield>
      </marc:datafield>
      <marc:datafield tag="R06" ind1=" " ind2=" ">
         <marc:subfield code="a">lidové umění</marc:subfield>
      </marc:datafield>
      <marc:datafield tag="R07" ind1=" " ind2=" ">
         <marc:subfield code="a">Výtvarnice, galeristka. Vystudovala Střední umělecko-průmyslovou školu v Písku, působila jako výtvarnice v Táboře, od r. 2009 působí v Městském kulturním středisku v Klatovech, kde má na starosti výstavy a propagaci kulturních pořadů. Žije v Janovicích nad Úhlavou.</marc:subfield>
      </marc:datafield>
      <marc:datafield tag="670" ind1=" " ind2=" ">
         <marc:subfield code="a">Valečková, Eva. V Klatovech vystavuje Radka Grösslová. Klatovský deník, [24], 2015, 18. IX., č. 219, s. 10.</marc:subfield>
      </marc:datafield>
      <marc:datafield tag="670" ind1=" " ind2=" ">
         <marc:subfield code="a">Grösslová, Radka. Své obrazy má ve snech : rozhovor s janovickou výtvarnicí Radkou Grösslovou. Za rozhovor děkuje Hana Sádlíková. Týdeník Klatovska, 24, 2014, 16.IV., č. 15, s. 4. - 1 fot.</marc:subfield>
      </marc:datafield>
      <marc:datafield tag="670" ind1=" " ind2=" ">
         <marc:subfield code="a">Grösslová, Radka. Otvírá perníkovou poradnu : rozhovor s Radkou Grösslovou, autorkou výstavy Perníková čítárna. [Rozh. zaps.] Hana Sádlíková. Týdeník Klatovska, 25, 2015, 16.XII., č. 49, s. 11. - 1 fot.</marc:subfield>
      </marc:datafield>
      <marc:datafield tag="678" ind1="0" ind2=" ">
         <marc:subfield code="a">Výtvarnice, propagátorka lidových tradic</marc:subfield>
      </marc:datafield>
      <marc:datafield tag="909" ind1=" " ind2=" ">
         <marc:subfield code="a">CZ</marc:subfield>
      </marc:datafield>
      <marc:datafield tag="IST" ind1=" " ind2=" ">
         <marc:subfield code="a">sa20161006</marc:subfield>
         <marc:subfield code="b">ib</marc:subfield>
      </marc:datafield>
      <marc:leader>-----nz--a22-----n--4500</marc:leader>
   </marc:record>