
   <marc:record>
      <marc:controlfield tag="001">000007514</marc:controlfield>
      <marc:controlfield tag="003">CZ-PlERL</marc:controlfield>
      <marc:controlfield tag="005">20180919123705.0</marc:controlfield>
      <marc:controlfield tag="008">161020-n-acnnnaabn-----------n-a-a------</marc:controlfield>
      <marc:datafield tag="040" ind1=" " ind2=" ">
         <marc:subfield code="a">PNA001</marc:subfield>
         <marc:subfield code="b">cze</marc:subfield>
      </marc:datafield>
      <marc:datafield tag="100" ind1="1" ind2=" ">
         <marc:subfield code="a">Johana, Karel,</marc:subfield>
         <marc:subfield code="d">1947-</marc:subfield>
         <marc:subfield code="7">ola2014833461</marc:subfield>
      </marc:datafield>
      <marc:datafield tag="R04" ind1=" " ind2=" ">
         <marc:subfield code="a">Sport</marc:subfield>
      </marc:datafield>
      <marc:datafield tag="R04" ind1=" " ind2=" ">
         <marc:subfield code="a">Tenis</marc:subfield>
      </marc:datafield>
      <marc:datafield tag="R04" ind1=" " ind2=" ">
         <marc:subfield code="a">Tělesná výchova</marc:subfield>
      </marc:datafield>
      <marc:datafield tag="R04" ind1=" " ind2=" ">
         <marc:subfield code="a">Literatura</marc:subfield>
      </marc:datafield>
      <marc:datafield tag="R04" ind1=" " ind2=" ">
         <marc:subfield code="a">Školství</marc:subfield>
      </marc:datafield>
      <marc:datafield tag="R05" ind1=" " ind2=" ">
         <marc:subfield code="o">Tachov</marc:subfield>
         <marc:subfield code="m">Tachov</marc:subfield>
      </marc:datafield>
      <marc:datafield tag="R06" ind1=" " ind2=" ">
         <marc:subfield code="a">učitelé</marc:subfield>
      </marc:datafield>
      <marc:datafield tag="R06" ind1=" " ind2=" ">
         <marc:subfield code="a">pedagogové</marc:subfield>
      </marc:datafield>
      <marc:datafield tag="R06" ind1=" " ind2=" ">
         <marc:subfield code="a">spisovatelé</marc:subfield>
      </marc:datafield>
      <marc:datafield tag="R06" ind1=" " ind2=" ">
         <marc:subfield code="a">sportovci</marc:subfield>
      </marc:datafield>
      <marc:datafield tag="R06" ind1=" " ind2=" ">
         <marc:subfield code="a">tenisté</marc:subfield>
      </marc:datafield>
      <marc:datafield tag="R07" ind1=" " ind2=" ">
         <marc:subfield code="a">Středoškolský učitel tělesné výchovy, sportovec, tenista a spisovatel. Je autorem knih "Učitelské elegie" a "Seniorské elegie".</marc:subfield>
      </marc:datafield>
      <marc:datafield tag="670" ind1=" " ind2=" ">
         <marc:subfield code="a">Johana, Karel. Sportovec K. Johana připravuje další knihu, tentokrát o seniorech : učitel na SPŠ Tachov vstoupil do podvědomí sportovní veřejnosti hlavně jako tenista. [Rozh. zapsal] František Hlas. Tachovský deník, [24], 2015, 20.III., č. 67, s. 20. - 1 fot.</marc:subfield>
      </marc:datafield>
      <marc:datafield tag="670" ind1=" " ind2=" ">
         <marc:subfield code="a">Davidová, Lucie a Alena Votavová. Sedmibojaři pokřtili knihu a podpořili mobilní hospic. [Rozh. zapsal] (red). Tachovský deník, [24], 2015, 21.VIII., č. 195, s. 3.</marc:subfield>
      </marc:datafield>
      <marc:datafield tag="670" ind1=" " ind2=" ">
         <marc:subfield code="a">Johana, Karel. Karel Johana pokřtil Erotické elegie. Jedná se o autorovu už třetí knihu. [Rozh. zapsal] Jiří Kohout. Tachovský deník, [25], 2016, 16.IX., č. 218, s. 3. - 1 fot.</marc:subfield>
      </marc:datafield>
      <marc:datafield tag="670" ind1=" " ind2=" ">
         <marc:subfield code="a">Jarý, Miroslav a Karel Johana. Duševní potravou může být dobrá kniha. [Rozh. zapsala] Jaroslava Hohlová. Tachovský deník, [25], 2016, 30.XI., č. 279, s. 3. - 1 fot.</marc:subfield>
      </marc:datafield>
      <marc:datafield tag="670" ind1=" " ind2=" ">
         <marc:subfield code="a">Johana, Karel. Pomáhá i prodej knih autorů z našeho regionu. [Rozh. zapsala] Jaroslava Hohlová. Tachovský deník, [25], 2016, 9.XII., č. 287, s. 2. - 1 fot.</marc:subfield>
      </marc:datafield>
      <marc:datafield tag="670" ind1=" " ind2=" ">
         <marc:subfield code="a">Johana, Karel. Bez kamarádů, rodiny a zázemí by to nešlo. [Rozh. zapsala] Jaroslava Hohlová. Tachovský deník, [26], 2017, 2.II., č. 28, s. 4. - 1 fot.</marc:subfield>
      </marc:datafield>
      <marc:datafield tag="670" ind1=" " ind2=" ">
         <marc:subfield code="a">Johana, Karel, Halla, Karel a Marie Šperková. Pohádka O Přimdonošovi je pokřtěná, vypráví o založení Tatranu Přimda. [Rozh. zapsala] Jaroslava Hohlová. Tachovský deník, [26], 2017, 26.IX., č. 224, s. 2. - 1 fot.</marc:subfield>
      </marc:datafield>
      <marc:datafield tag="678" ind1="0" ind2=" ">
         <marc:subfield code="a">Pedagog, vyučoval tělesnou výchovu a zeměpis, živnostník, trenér různých sportů. Autor knihy vzpomínek.</marc:subfield>
      </marc:datafield>
      <marc:datafield tag="909" ind1=" " ind2=" ">
         <marc:subfield code="a">CZ</marc:subfield>
      </marc:datafield>
      <marc:datafield tag="IST" ind1=" " ind2=" ">
         <marc:subfield code="a">sa20161020</marc:subfield>
         <marc:subfield code="b">ba</marc:subfield>
      </marc:datafield>
      <marc:datafield tag="KDN" ind1=" " ind2=" ">
         <marc:subfield code="a">19470000</marc:subfield>
      </marc:datafield>
      <marc:leader>-----nz--a22-----n--4500</marc:leader>
   </marc:record>