
   <marc:record>
      <marc:controlfield tag="001">000007515</marc:controlfield>
      <marc:controlfield tag="003">CZ-PlERL</marc:controlfield>
      <marc:controlfield tag="005">20180329084909.0</marc:controlfield>
      <marc:controlfield tag="008">161024-n-acnnnaabn-----------n-a-a------</marc:controlfield>
      <marc:datafield tag="040" ind1=" " ind2=" ">
         <marc:subfield code="a">PNA001</marc:subfield>
         <marc:subfield code="b">cze</marc:subfield>
      </marc:datafield>
      <marc:datafield tag="100" ind1="1" ind2=" ">
         <marc:subfield code="a">Voves, Josef,</marc:subfield>
         <marc:subfield code="d">1922-</marc:subfield>
         <marc:subfield code="7">pna2018984457</marc:subfield>
      </marc:datafield>
      <marc:datafield tag="R04" ind1=" " ind2=" ">
         <marc:subfield code="a">Protikomunistický odboj</marc:subfield>
      </marc:datafield>
      <marc:datafield tag="R04" ind1=" " ind2=" ">
         <marc:subfield code="a">Politická emigrace</marc:subfield>
      </marc:datafield>
      <marc:datafield tag="R04" ind1=" " ind2=" ">
         <marc:subfield code="a">Hotelnictví</marc:subfield>
      </marc:datafield>
      <marc:datafield tag="R04" ind1=" " ind2=" ">
         <marc:subfield code="a">Podnikání</marc:subfield>
      </marc:datafield>
      <marc:datafield tag="R05" ind1=" " ind2=" ">
         <marc:subfield code="o">Plzeň-sever</marc:subfield>
      </marc:datafield>
      <marc:datafield tag="R05" ind1=" " ind2=" ">
         <marc:subfield code="o">Spojené státy americké</marc:subfield>
      </marc:datafield>
      <marc:datafield tag="R05" ind1=" " ind2=" ">
         <marc:subfield code="o">Etiopie</marc:subfield>
      </marc:datafield>
      <marc:datafield tag="R06" ind1=" " ind2=" ">
         <marc:subfield code="a">emigranti</marc:subfield>
      </marc:datafield>
      <marc:datafield tag="R06" ind1=" " ind2=" ">
         <marc:subfield code="a">hoteliéři</marc:subfield>
      </marc:datafield>
      <marc:datafield tag="R06" ind1=" " ind2=" ">
         <marc:subfield code="a">protikomunističtí bojovníci</marc:subfield>
      </marc:datafield>
      <marc:datafield tag="R06" ind1=" " ind2=" ">
         <marc:subfield code="a">podnikatelé</marc:subfield>
      </marc:datafield>
      <marc:datafield tag="R07" ind1=" " ind2=" ">
         <marc:subfield code="a">Politický emigrant a bojovník proti komunismu. Byl účastníkem tzv. kauzy Praha-Žatec, která měly být pokusem o svržení vládnoucího režimu v r. 1949. Oba jeho bratři Jiří a Antonín byli zatčeni a strávili dlouhá léta ve vězení (Jiří zde v r. 1959 zemřel). Josefovi se podařilo v poslední chvíli uprchnout za hranice. Zde působil nejdříve v různých zaměstnáních, později se prosadil jako úspěšný hoteliér, mimo jiné působil jako generální ředitel firmy Ethiopian Hotel, co. v Etiopii, kde se spřátelil s tehdejším etiopským císařem Haile Selassie I. Ve Spojených státech pak působil jako podnikatel v oblasti strojírenství.</marc:subfield>
      </marc:datafield>
      <marc:datafield tag="670" ind1=" " ind2=" ">
         <marc:subfield code="a">Lovčí, Radovan. Vzpomínky Josefa Vovse knižně. [Recenze]. Vlastivědný sborník, 26, 2016, č. 3, s. 4-6. - 1 fot.</marc:subfield>
      </marc:datafield>
      <marc:datafield tag="678" ind1="0" ind2=" ">
         <marc:subfield code="a">Politický emigrant a bojovník proti komunismu. Účastník tzv. kauzy Praha-Žatec. Narozen 4.3.1922.</marc:subfield>
      </marc:datafield>
      <marc:datafield tag="909" ind1=" " ind2=" ">
         <marc:subfield code="a">CZ</marc:subfield>
      </marc:datafield>
      <marc:datafield tag="IST" ind1=" " ind2=" ">
         <marc:subfield code="a">sa20161024</marc:subfield>
         <marc:subfield code="b">ba</marc:subfield>
      </marc:datafield>
      <marc:datafield tag="KDN" ind1=" " ind2=" ">
         <marc:subfield code="a">19220304</marc:subfield>
      </marc:datafield>
      <marc:leader>-----nz--a22-----n--4500</marc:leader>
   </marc:record>