
   <marc:record>
      <marc:controlfield tag="001">000007516</marc:controlfield>
      <marc:controlfield tag="003">CZ-PlERL</marc:controlfield>
      <marc:controlfield tag="005">20181016114502.0</marc:controlfield>
      <marc:controlfield tag="008">161102-n-acnnnaabn-----------n-a-a------</marc:controlfield>
      <marc:datafield tag="040" ind1=" " ind2=" ">
         <marc:subfield code="a">PNA001</marc:subfield>
         <marc:subfield code="b">cze</marc:subfield>
      </marc:datafield>
      <marc:datafield tag="100" ind1="1" ind2=" ">
         <marc:subfield code="a">Lambl, František Sudimír,</marc:subfield>
         <marc:subfield code="d">1819-1891</marc:subfield>
         <marc:subfield code="7">xx0199483</marc:subfield>
      </marc:datafield>
      <marc:datafield tag="R02" ind1=" " ind2=" ">
         <marc:subfield code="o">Plzeň-jih</marc:subfield>
         <marc:subfield code="m">Letiny</marc:subfield>
      </marc:datafield>
      <marc:datafield tag="R03" ind1=" " ind2=" ">
         <marc:subfield code="o">Jičín</marc:subfield>
         <marc:subfield code="m">Dětěnice</marc:subfield>
      </marc:datafield>
      <marc:datafield tag="R04" ind1=" " ind2=" ">
         <marc:subfield code="a">Archeologie</marc:subfield>
      </marc:datafield>
      <marc:datafield tag="R05" ind1=" " ind2=" ">
         <marc:subfield code="o">Plzeň-město</marc:subfield>
         <marc:subfield code="m">Plzeň</marc:subfield>
      </marc:datafield>
      <marc:datafield tag="R05" ind1=" " ind2=" ">
         <marc:subfield code="o">Strakonice</marc:subfield>
         <marc:subfield code="m">Strakonice</marc:subfield>
      </marc:datafield>
      <marc:datafield tag="R06" ind1=" " ind2=" ">
         <marc:subfield code="a">archeologové</marc:subfield>
      </marc:datafield>
      <marc:datafield tag="R06" ind1=" " ind2=" ">
         <marc:subfield code="a">vlastenci</marc:subfield>
      </marc:datafield>
      <marc:datafield tag="R07" ind1=" " ind2=" ">
         <marc:subfield code="a">Archeolog, vlastenec, odborný publicista. Pro nemoc nedokončil studium práv, stal se panským hospodářským a právním úředníkem. Jeho zájmy byly folkloristika a archeologie. Stal se sběratelem starožitností pro Národní muzeum, v r. 1848 se účastnil Slovanského sjezdu v Praze. Pak se usadil ve Strakonicích, kde se spolu s Česlavem Ludikarem věnoval archeologickým průzkumům. Zemřel v Dětěnicích na Jičínsku.</marc:subfield>
      </marc:datafield>
      <marc:datafield tag="670" ind1=" " ind2=" ">
         <marc:subfield code="a">Sklenář, Karel. Bratři Lamblové, zapomenutí archeologové z Plzeňska. In: Archeologie západních Čech. Sv. 10. V Plzni : Západočeské muzeum, 2016. S. 17-22. - 4 fot.</marc:subfield>
      </marc:datafield>
      <marc:datafield tag="678" ind1="0" ind2=" ">
         <marc:subfield code="a">Narozen 14. 9. 1819 v Letinech u Plzně, zemřel 11. 5. 1891. Hospodářský úředník, zajímal se o numismatiku a archeologii - byl sběratelem archeologické sekce Českého muzea.</marc:subfield>
      </marc:datafield>
      <marc:datafield tag="909" ind1=" " ind2=" ">
         <marc:subfield code="a">CZ</marc:subfield>
      </marc:datafield>
      <marc:datafield tag="IST" ind1=" " ind2=" ">
         <marc:subfield code="a">sa20161102</marc:subfield>
         <marc:subfield code="b">ib</marc:subfield>
      </marc:datafield>
      <marc:datafield tag="KDN" ind1=" " ind2=" ">
         <marc:subfield code="a">18190914</marc:subfield>
      </marc:datafield>
      <marc:datafield tag="KDU" ind1=" " ind2=" ">
         <marc:subfield code="a">18910511</marc:subfield>
      </marc:datafield>
      <marc:leader>-----nz--a22-----n--4500</marc:leader>
   </marc:record>