
   <marc:record>
      <marc:controlfield tag="001">000007517</marc:controlfield>
      <marc:controlfield tag="003">CZ-PlERL</marc:controlfield>
      <marc:controlfield tag="005">20161104151757.0</marc:controlfield>
      <marc:controlfield tag="008">161104-n-acnnnaabn-----------n-a-a------</marc:controlfield>
      <marc:datafield tag="040" ind1=" " ind2=" ">
         <marc:subfield code="a">PNA001</marc:subfield>
         <marc:subfield code="b">cze</marc:subfield>
      </marc:datafield>
      <marc:datafield tag="100" ind1="1" ind2=" ">
         <marc:subfield code="a">Majer, Daniel Tomáš,</marc:subfield>
         <marc:subfield code="d">1851-1905</marc:subfield>
      </marc:datafield>
      <marc:datafield tag="R02" ind1=" " ind2=" ">
         <marc:subfield code="o">Klatovy</marc:subfield>
         <marc:subfield code="m">Horažďovice</marc:subfield>
      </marc:datafield>
      <marc:datafield tag="R03" ind1=" " ind2=" ">
         <marc:subfield code="o">Klatovy</marc:subfield>
         <marc:subfield code="m">Horažďovice</marc:subfield>
      </marc:datafield>
      <marc:datafield tag="R04" ind1=" " ind2=" ">
         <marc:subfield code="a">Architektura</marc:subfield>
      </marc:datafield>
      <marc:datafield tag="R04" ind1=" " ind2=" ">
         <marc:subfield code="a">Stavitelství</marc:subfield>
      </marc:datafield>
      <marc:datafield tag="R05" ind1=" " ind2=" ">
         <marc:subfield code="o">Klatovy</marc:subfield>
         <marc:subfield code="m">Horažďovice</marc:subfield>
      </marc:datafield>
      <marc:datafield tag="R06" ind1=" " ind2=" ">
         <marc:subfield code="a">architekti</marc:subfield>
      </marc:datafield>
      <marc:datafield tag="R06" ind1=" " ind2=" ">
         <marc:subfield code="a">stavitelé</marc:subfield>
      </marc:datafield>
      <marc:datafield tag="R07" ind1=" " ind2=" ">
         <marc:subfield code="a">Stavitel a architekt z Horažďovic. V letech 1869-1872 studoval na pražské technice stavitelství a v 80. letech se stal technickým a městským stavitelem v Horažďovicích. Podílel se na projektování mnoha školních budov na Horažďovicku v poslední čtvrtině 19. století. Angažoval se rovněž ve spolkovém a veřejném životě. Zemřel po dlouhé nemoci 3.5.1905.</marc:subfield>
      </marc:datafield>
      <marc:datafield tag="670" ind1=" " ind2=" ">
         <marc:subfield code="a">Tuma, David. Stavitel Daniel Majer a projekty škol na Horažďovicku. In: Vlastivědný sborník Muzea Šumavy. [Sv.] 9. Sušice : Muzeum Šumavy a Scriptorium, 2016, s. 9-33. - 11 fot., 14 plánů</marc:subfield>
      </marc:datafield>
      <marc:datafield tag="678" ind1="0" ind2=" ">
         <marc:subfield code="a">Stavitel a architekt, narodil se 21.7.1851 v Horažďovicích (okr. Klatovy), zemřel 3.5.1905 tamtéž.</marc:subfield>
      </marc:datafield>
      <marc:datafield tag="909" ind1=" " ind2=" ">
         <marc:subfield code="a">CZ</marc:subfield>
      </marc:datafield>
      <marc:datafield tag="IST" ind1=" " ind2=" ">
         <marc:subfield code="a">sa20161104</marc:subfield>
         <marc:subfield code="b">ba</marc:subfield>
      </marc:datafield>
      <marc:datafield tag="KDN" ind1=" " ind2=" ">
         <marc:subfield code="a">18510721</marc:subfield>
      </marc:datafield>
      <marc:datafield tag="KDU" ind1=" " ind2=" ">
         <marc:subfield code="a">19050503</marc:subfield>
      </marc:datafield>
      <marc:leader>-----nz--a22-----n--4500</marc:leader>
   </marc:record>