
   <marc:record>
      <marc:controlfield tag="001">000007518</marc:controlfield>
      <marc:controlfield tag="003">CZ-PlERL</marc:controlfield>
      <marc:controlfield tag="005">20171012134747.0</marc:controlfield>
      <marc:controlfield tag="008">161107-n-acnnnaabn-----------n-a-a------</marc:controlfield>
      <marc:datafield tag="040" ind1=" " ind2=" ">
         <marc:subfield code="a">PNA001</marc:subfield>
         <marc:subfield code="b">cze</marc:subfield>
      </marc:datafield>
      <marc:datafield tag="100" ind1="1" ind2=" ">
         <marc:subfield code="a">Viškovský, Karel,</marc:subfield>
         <marc:subfield code="d">1868-1932</marc:subfield>
         <marc:subfield code="7">jk01142468</marc:subfield>
      </marc:datafield>
      <marc:datafield tag="R02" ind1=" " ind2=" ">
         <marc:subfield code="o">Klatovy</marc:subfield>
         <marc:subfield code="m">Sušice</marc:subfield>
      </marc:datafield>
      <marc:datafield tag="R03" ind1=" " ind2=" ">
         <marc:subfield code="o">Praha</marc:subfield>
         <marc:subfield code="m">Praha</marc:subfield>
      </marc:datafield>
      <marc:datafield tag="R04" ind1=" " ind2=" ">
         <marc:subfield code="a">Politika</marc:subfield>
      </marc:datafield>
      <marc:datafield tag="R04" ind1=" " ind2=" ">
         <marc:subfield code="a">Státní správa</marc:subfield>
      </marc:datafield>
      <marc:datafield tag="R04" ind1=" " ind2=" ">
         <marc:subfield code="a">Publicistika</marc:subfield>
      </marc:datafield>
      <marc:datafield tag="R05" ind1=" " ind2=" ">
         <marc:subfield code="o">Praha</marc:subfield>
         <marc:subfield code="m">Praha</marc:subfield>
      </marc:datafield>
      <marc:datafield tag="R05" ind1=" " ind2=" ">
         <marc:subfield code="o">Plzeň-město</marc:subfield>
         <marc:subfield code="m">Plzeň</marc:subfield>
      </marc:datafield>
      <marc:datafield tag="R05" ind1=" " ind2=" ">
         <marc:subfield code="o">Rychnov nad Kněžnou</marc:subfield>
         <marc:subfield code="m">Rychnov nad Kněžnou</marc:subfield>
      </marc:datafield>
      <marc:datafield tag="R06" ind1=" " ind2=" ">
         <marc:subfield code="a">politici</marc:subfield>
      </marc:datafield>
      <marc:datafield tag="R06" ind1=" " ind2=" ">
         <marc:subfield code="a">ministři</marc:subfield>
      </marc:datafield>
      <marc:datafield tag="R06" ind1=" " ind2=" ">
         <marc:subfield code="a">státní úředníci</marc:subfield>
      </marc:datafield>
      <marc:datafield tag="R06" ind1=" " ind2=" ">
         <marc:subfield code="a">odborní publicisté</marc:subfield>
      </marc:datafield>
      <marc:datafield tag="R07" ind1=" " ind2=" ">
         <marc:subfield code="a">Politik agrární strany, poslanec a ministr několika vlád. Pocházel ze Sušice, ale krátce po jeho narození byl jeho otec, povoláním finanční úředník, povolán do Prahy a později do Rychnova nad Kněžnou, kde Karel maturoval. Poté vystudoval práva na univerzitě v Praze. Působil pak v různých úředních funkcích, mimo jiné také v Plzni, kde se seznámil se svou manželkou Růženou Honzíkovou. Zapojil se také do politiky v rámci mladočeské strany a v r. 1902 byl zvolen zemským poslancem. Od r. 1906 působil v rámci agrární strany, na jejímž politickém programu se také podílel a v r. 1911 se stal poslancem za stranu v Říšské radě. Po vzniku Československa se stal v r. 1919 prezidentem Státního pozemkového úřadu a podílel se tak na přípravách a provádění pozemkové reformy. Od r. 1925 byl opět poslancem a krátce také ministrem spravedlnosti. V r. 1929 obhájil poslanecký mandát a stal se v nové vládě ministrem národní obrany, kterým zůstal až téměř do konce života. V rámci agrární strany patřil k promasarykovskému křídlu a byl rovněž autorem řady publikací na různá politická a hospodářská témata.</marc:subfield>
      </marc:datafield>
      <marc:datafield tag="670" ind1=" " ind2=" ">
         <marc:subfield code="a">Kopecký, Lukáš. Zapomenutý sušický rodák Karel Viškovský (1868-1932). In: Vlastivědný sborník Muzea Šumavy. [Sv.] 9. Sušice : Muzeum Šumavy a Scriptorium, 2016, s. 313-354. - 16 fot., 1 obr., soupis publikací Karla Viškovského</marc:subfield>
      </marc:datafield>
      <marc:datafield tag="678" ind1="0" ind2=" ">
         <marc:subfield code="a">Narozen 8.7.nebo 8.8.1868 v Sušici, zemřel 20.11.1932 v Praze. JUDr., agrární politik, publikace z oboru zemědělské ekonomiky.</marc:subfield>
      </marc:datafield>
      <marc:datafield tag="909" ind1=" " ind2=" ">
         <marc:subfield code="a">CZ</marc:subfield>
      </marc:datafield>
      <marc:datafield tag="IST" ind1=" " ind2=" ">
         <marc:subfield code="a">sa20161107</marc:subfield>
         <marc:subfield code="b">ba</marc:subfield>
      </marc:datafield>
      <marc:datafield tag="KDN" ind1=" " ind2=" ">
         <marc:subfield code="a">18680808</marc:subfield>
      </marc:datafield>
      <marc:datafield tag="KDU" ind1=" " ind2=" ">
         <marc:subfield code="a">19321120</marc:subfield>
      </marc:datafield>
      <marc:leader>-----nz--a22-----n--4500</marc:leader>
   </marc:record>