
   <marc:record>
      <marc:controlfield tag="001">000007523</marc:controlfield>
      <marc:controlfield tag="003">CZ-PlERL</marc:controlfield>
      <marc:controlfield tag="005">20190611105631.0</marc:controlfield>
      <marc:controlfield tag="008">161213-n-acnnnaabn-----------n-a-a------</marc:controlfield>
      <marc:datafield tag="040" ind1=" " ind2=" ">
         <marc:subfield code="a">PNA001</marc:subfield>
         <marc:subfield code="b">cze</marc:subfield>
      </marc:datafield>
      <marc:datafield tag="100" ind1="1" ind2=" ">
         <marc:subfield code="a">Sláma, Míra</marc:subfield>
         <marc:subfield code="7">pna2018991725</marc:subfield>
      </marc:datafield>
      <marc:datafield tag="R02" ind1=" " ind2=" ">
         <marc:subfield code="o">Tachov</marc:subfield>
         <marc:subfield code="m">Tachov</marc:subfield>
      </marc:datafield>
      <marc:datafield tag="R04" ind1=" " ind2=" ">
         <marc:subfield code="a">Heavy metal</marc:subfield>
      </marc:datafield>
      <marc:datafield tag="R04" ind1=" " ind2=" ">
         <marc:subfield code="a">Hudba</marc:subfield>
      </marc:datafield>
      <marc:datafield tag="R05" ind1=" " ind2=" ">
         <marc:subfield code="o">Tachov</marc:subfield>
         <marc:subfield code="m">Tachov</marc:subfield>
      </marc:datafield>
      <marc:datafield tag="R05" ind1=" " ind2=" ">
         <marc:subfield code="o">Plzeň-město</marc:subfield>
         <marc:subfield code="m">Plzeň</marc:subfield>
      </marc:datafield>
      <marc:datafield tag="R05" ind1=" " ind2=" ">
         <marc:subfield code="o">Velká Británie</marc:subfield>
         <marc:subfield code="m">Londýn</marc:subfield>
      </marc:datafield>
      <marc:datafield tag="R06" ind1=" " ind2=" ">
         <marc:subfield code="a">hudebníci</marc:subfield>
      </marc:datafield>
      <marc:datafield tag="R06" ind1=" " ind2=" ">
         <marc:subfield code="a">kytaristé</marc:subfield>
      </marc:datafield>
      <marc:datafield tag="R07" ind1=" " ind2=" ">
         <marc:subfield code="a">Baskytarista v britské trash metalové skupině Savage Messiah. Pochází z Tachova.</marc:subfield>
      </marc:datafield>
      <marc:datafield tag="670" ind1=" " ind2=" ">
         <marc:subfield code="a">Sláma, Míra. Když jsem ve škole řekl třídnímu, že se budu živit muzikou, jen se usmál : rozhovor. [Zapsal] Jiří Kohout. Tachovský deník, [24], 2015, 17.VII., č. 165, s. 3. - 1 fot.</marc:subfield>
      </marc:datafield>
      <marc:datafield tag="670" ind1=" " ind2=" ">
         <marc:subfield code="a">Sláma, Míroslav. Z Brexitu příliš strach nemá. [Rozh. zapsal] Jindřich Sýkora. Tachovský deník, [25], 2016, 23.VI., č. 147, s. 2. - 1 fot.</marc:subfield>
      </marc:datafield>
      <marc:datafield tag="670" ind1=" " ind2=" ">
         <marc:subfield code="a">Sláma, Míroslav. V začátcích jsme hráli i pro dva lidi. [Rozh. zapsal] Jindřich Sýkora. Týdeník Plzeňsko, 2018, 18.VII., č. 29, s. 4. - 2 fot.</marc:subfield>
      </marc:datafield>
      <marc:datafield tag="678" ind1="0" ind2=" ">
         <marc:subfield code="a">Baskytarista v britské trash metalové skupině Savage Messiah. Pochází z Tachova.</marc:subfield>
      </marc:datafield>
      <marc:datafield tag="909" ind1=" " ind2=" ">
         <marc:subfield code="a">CZ</marc:subfield>
      </marc:datafield>
      <marc:datafield tag="IST" ind1=" " ind2=" ">
         <marc:subfield code="a">sa20161213</marc:subfield>
         <marc:subfield code="b">ba</marc:subfield>
      </marc:datafield>
      <marc:leader>-----nz--a22-----n--4500</marc:leader>
   </marc:record>