
   <marc:record>
      <marc:controlfield tag="001">000007528</marc:controlfield>
      <marc:controlfield tag="003">CZ-PlERL</marc:controlfield>
      <marc:controlfield tag="005">20190423071449.0</marc:controlfield>
      <marc:controlfield tag="008">170112-n-acnnnaabn-----------n-a-a------</marc:controlfield>
      <marc:datafield tag="040" ind1=" " ind2=" ">
         <marc:subfield code="a">PNA001</marc:subfield>
         <marc:subfield code="b">cze</marc:subfield>
      </marc:datafield>
      <marc:datafield tag="100" ind1="1" ind2=" ">
         <marc:subfield code="a">Ebermann, Bohuslav,</marc:subfield>
         <marc:subfield code="d">1948-</marc:subfield>
         <marc:subfield code="7">xx0185673</marc:subfield>
      </marc:datafield>
      <marc:datafield tag="R02" ind1=" " ind2=" ">
         <marc:subfield code="o">Plzeň-sever</marc:subfield>
         <marc:subfield code="m">Vochov</marc:subfield>
      </marc:datafield>
      <marc:datafield tag="R04" ind1=" " ind2=" ">
         <marc:subfield code="a">Lední hokej</marc:subfield>
      </marc:datafield>
      <marc:datafield tag="R05" ind1=" " ind2=" ">
         <marc:subfield code="o">Plzeň-město</marc:subfield>
         <marc:subfield code="m">Plzeň</marc:subfield>
      </marc:datafield>
      <marc:datafield tag="R06" ind1=" " ind2=" ">
         <marc:subfield code="a">hokejisté</marc:subfield>
      </marc:datafield>
      <marc:datafield tag="R06" ind1=" " ind2=" ">
         <marc:subfield code="a">reprezentanti</marc:subfield>
      </marc:datafield>
      <marc:datafield tag="R07" ind1=" " ind2=" ">
         <marc:subfield code="a">Hokejista, hráč Škody Plzeň, reprezentant Československa. V r. 2016 uveden do Dvorany slávy hejtmana Plzeňského kraje.</marc:subfield>
      </marc:datafield>
      <marc:datafield tag="670" ind1=" " ind2=" ">
         <marc:subfield code="a">(pk). Do krajské dvorany slávy včera vstoupili hokejista, lékař i rocker. Plzeňský deník, [25], 2016, 15.IX., č. 217, s. [1]. - 5 fot.</marc:subfield>
      </marc:datafield>
      <marc:datafield tag="670" ind1=" " ind2=" ">
         <marc:subfield code="a">Šlajs, Václav. Dvorana slávy hejtmana Plzeňského kraje 2016. [Rozhovor]. Plzeňský kraj, 14, 2016, č. 9, s. 4-5. - 5 fot.</marc:subfield>
      </marc:datafield>
      <marc:datafield tag="670" ind1=" " ind2=" ">
         <marc:subfield code="a">(ks, pe). Nejrychlejší hokejista své doby si k životnímu jubileu nadělil knihu. [Kniha Plzeňský expres]. Plzeňský deník, [27], 2018, 10.XII., č. 286, s. 14. - 1 fot.</marc:subfield>
      </marc:datafield>
      <marc:datafield tag="670" ind1=" " ind2=" ">
         <marc:subfield code="a">Pechoušek, Pavel. Plzeňský expres : Bohuslav Ebermann. V Plzni : RegionAll, vydavatelství a nakladatelství, 2018. - ISBN 978-80-905634-9-0. - sign. SVK 31B87597</marc:subfield>
      </marc:datafield>
      <marc:datafield tag="678" ind1="0" ind2=" ">
         <marc:subfield code="a">Narozen 19.9.1948 ve Vochově. Sportovec, hokejista, reprezentant, mistr světa a mistr sportu.</marc:subfield>
      </marc:datafield>
      <marc:datafield tag="909" ind1=" " ind2=" ">
         <marc:subfield code="a">CZ</marc:subfield>
      </marc:datafield>
      <marc:datafield tag="IST" ind1=" " ind2=" ">
         <marc:subfield code="a">sa20170117</marc:subfield>
         <marc:subfield code="b">jw</marc:subfield>
      </marc:datafield>
      <marc:datafield tag="KDN" ind1=" " ind2=" ">
         <marc:subfield code="a">19480919</marc:subfield>
      </marc:datafield>
      <marc:leader>-----nz--a22-----n--4500</marc:leader>
   </marc:record>