
   <marc:record>
      <marc:controlfield tag="001">000007539</marc:controlfield>
      <marc:controlfield tag="003">CZ-PlERL</marc:controlfield>
      <marc:controlfield tag="005">20170207155110.0</marc:controlfield>
      <marc:controlfield tag="008">170207-n-acnnnaabn-----------n-a-a------</marc:controlfield>
      <marc:datafield tag="040" ind1=" " ind2=" ">
         <marc:subfield code="a">PNA001</marc:subfield>
         <marc:subfield code="b">cze</marc:subfield>
      </marc:datafield>
      <marc:datafield tag="100" ind1="1" ind2=" ">
         <marc:subfield code="a">Michel-Lévy, Simone,</marc:subfield>
         <marc:subfield code="d">1906-1945</marc:subfield>
      </marc:datafield>
      <marc:datafield tag="R02" ind1=" " ind2=" ">
         <marc:subfield code="o">Francie</marc:subfield>
         <marc:subfield code="m">Chaussin</marc:subfield>
      </marc:datafield>
      <marc:datafield tag="R03" ind1=" " ind2=" ">
         <marc:subfield code="o">Německo</marc:subfield>
         <marc:subfield code="m">Flossenbürg</marc:subfield>
      </marc:datafield>
      <marc:datafield tag="R04" ind1=" " ind2=" ">
         <marc:subfield code="a">Druhá světová válka</marc:subfield>
      </marc:datafield>
      <marc:datafield tag="R04" ind1=" " ind2=" ">
         <marc:subfield code="a">Protifašistický odboj</marc:subfield>
      </marc:datafield>
      <marc:datafield tag="R05" ind1=" " ind2=" ">
         <marc:subfield code="o">Francie</marc:subfield>
      </marc:datafield>
      <marc:datafield tag="R05" ind1=" " ind2=" ">
         <marc:subfield code="o">Německo</marc:subfield>
         <marc:subfield code="m">Ravensbrück</marc:subfield>
      </marc:datafield>
      <marc:datafield tag="R05" ind1=" " ind2=" ">
         <marc:subfield code="o">Domažlice</marc:subfield>
         <marc:subfield code="m">Holýšov</marc:subfield>
      </marc:datafield>
      <marc:datafield tag="R06" ind1=" " ind2=" ">
         <marc:subfield code="a">odbojáři</marc:subfield>
      </marc:datafield>
      <marc:datafield tag="R06" ind1=" " ind2=" ">
         <marc:subfield code="a">odbojářky</marc:subfield>
      </marc:datafield>
      <marc:datafield tag="R06" ind1=" " ind2=" ">
         <marc:subfield code="a">oběti nacismu</marc:subfield>
      </marc:datafield>
      <marc:datafield tag="R06" ind1=" " ind2=" ">
         <marc:subfield code="a">protifašističtí bojovníci</marc:subfield>
      </marc:datafield>
      <marc:datafield tag="R07" ind1=" " ind2=" ">
         <marc:subfield code="a">Odbojářka, oběť nacismu. Narozena v obci Chaussin ve východní Francii, zaměstnána jako poštovní a telefonní úřednice. Po okupaci Francie se zapojila do odboje a po prozrazení byla v listopadu 1943 zatčena a poslána do koncentračního tábora Ravensbrück. V dubnu 1944 byla poslána do koncentračního tábora v Holýšově. Zde pokračovala v odbojové činnosti a prováděla sabotáže v továrně na výrobu letecké munice. Její činnost však byla odhalena a ještě se dvěma dalšími spolupracovnicemi byla v dubnu 1945 deportována do koncentračního tábora Flossenbürg, kde byly všechny tři ženy 13. dubna 1945 popraveny.</marc:subfield>
      </marc:datafield>
      <marc:datafield tag="670" ind1=" " ind2=" ">
         <marc:subfield code="a">Michel-Lévy, Simone - odbojářka. Znáte to jméno? Výročí regionálních osobností na leden 2016. Domažlice, Městská knihovna Boženy Němcové 2015, nestr.</marc:subfield>
      </marc:datafield>
      <marc:datafield tag="678" ind1="0" ind2=" ">
         <marc:subfield code="a">Odbojářka, oběť nacismu. Narozena 19.1.1906 v Chaussin (Francie), zemřela 13.4.1945 ve Flossenbürgu (Německo).</marc:subfield>
      </marc:datafield>
      <marc:datafield tag="909" ind1=" " ind2=" ">
         <marc:subfield code="a">CZ</marc:subfield>
      </marc:datafield>
      <marc:datafield tag="IST" ind1=" " ind2=" ">
         <marc:subfield code="a">sa20170207</marc:subfield>
         <marc:subfield code="b">ba</marc:subfield>
      </marc:datafield>
      <marc:datafield tag="KDN" ind1=" " ind2=" ">
         <marc:subfield code="a">19060119</marc:subfield>
      </marc:datafield>
      <marc:datafield tag="KDU" ind1=" " ind2=" ">
         <marc:subfield code="a">19450413</marc:subfield>
      </marc:datafield>
      <marc:leader>-----nz--a22-----n--4500</marc:leader>
   </marc:record>