
   <marc:record>
      <marc:controlfield tag="001">000007542</marc:controlfield>
      <marc:controlfield tag="003">CZ-PlERL</marc:controlfield>
      <marc:controlfield tag="005">20170209085611.0</marc:controlfield>
      <marc:controlfield tag="008">170208-n-acnnnaabn-----------n-a-a------</marc:controlfield>
      <marc:datafield tag="040" ind1=" " ind2=" ">
         <marc:subfield code="a">PNA001</marc:subfield>
         <marc:subfield code="b">cze</marc:subfield>
      </marc:datafield>
      <marc:datafield tag="100" ind1="1" ind2=" ">
         <marc:subfield code="a">Pilous, Václav,</marc:subfield>
         <marc:subfield code="d">1930-</marc:subfield>
         <marc:subfield code="7">jk01093104</marc:subfield>
         <marc:subfield code="s">prof., Ing., DrSc.</marc:subfield>
      </marc:datafield>
      <marc:datafield tag="R04" ind1=" " ind2=" ">
         <marc:subfield code="a">Strojírenství</marc:subfield>
      </marc:datafield>
      <marc:datafield tag="R05" ind1=" " ind2=" ">
         <marc:subfield code="o">Plzeň-město</marc:subfield>
         <marc:subfield code="m">Plzeň</marc:subfield>
      </marc:datafield>
      <marc:datafield tag="R06" ind1=" " ind2=" ">
         <marc:subfield code="a">strojírenští inženýři</marc:subfield>
      </marc:datafield>
      <marc:datafield tag="R06" ind1=" " ind2=" ">
         <marc:subfield code="a">vysokoškolští učitelé</marc:subfield>
      </marc:datafield>
      <marc:datafield tag="R06" ind1=" " ind2=" ">
         <marc:subfield code="a">vědci</marc:subfield>
      </marc:datafield>
      <marc:datafield tag="R06" ind1=" " ind2=" ">
         <marc:subfield code="a">vynálezci</marc:subfield>
      </marc:datafield>
      <marc:datafield tag="R07" ind1=" " ind2=" ">
         <marc:subfield code="a">Vědecký pracovník v oboru strojírenské technologie a fyzikální metatalurgie. V roce 1952 ukončil inženýrská studia na elektrotechnické fakultě ČVUT. V roce 1953 získal po ročním studiu v Bratislavě titul Welding inženýra. Nastoupil do Výzkumného ústavu Škoda, kde pracoval do roku 1982. Dalších 10 let pracoval v ČSAV Plzeň, od roku 1993 jako poradce v oboru metalurgie svarového spoje v SDP-KOVO. Přednášel na VŠSE v Plzni, od r. 1991 na katedře matematiky, fyziky a technické výchovy Pedagogické fakulty ZČU. Představil celkem 17 patentů, publikoval přes dvě stě odborných prací z oboru a šest monografií. V r. 2011 získal ocenění Plzeňská ikona.</marc:subfield>
      </marc:datafield>
      <marc:datafield tag="670" ind1=" " ind2=" ">
         <marc:subfield code="a">Pilous, Václav. In: Kdo je kdo v České republice na přelomu 20. století. Praha : Agentura Kdo je kdo, 1998. s. 465.</marc:subfield>
      </marc:datafield>
      <marc:datafield tag="670" ind1=" " ind2=" ">
         <marc:subfield code="a">Sanalla, Markéta. Ani v osmdesáti letech neodpočívá. Mladá fronta Dnes, 21, 2010, 11.II., č. 35, Plzeňský Dnes, s. B/2. - 1 fot.</marc:subfield>
      </marc:datafield>
      <marc:datafield tag="670" ind1=" " ind2=" ">
         <marc:subfield code="a">Němcová, Barbora. Plzeň zvolila své mužské ikony: hokejistu, biskupa nebo lékaře. Mladá fronta Dnes, 22, 2011, 16.VII., č. 165, Plzeňský Dnes, s. B/1-B/2 - 10 fot.</marc:subfield>
      </marc:datafield>
      <marc:datafield tag="670" ind1=" " ind2=" ">
         <marc:subfield code="a">Slavík, Herbert. Jak se fotí Plzeňské ikony? Na operačním sále i mezi stroji. [Rozh. zapsala] Barbora Němcová. Mladá fronta Dnes, 22, 2011, 29.VII., č. 176, Plzeňský Dnes, s. B/3. - 1 fot.</marc:subfield>
      </marc:datafield>
      <marc:datafield tag="670" ind1=" " ind2=" ">
         <marc:subfield code="a">Pilous, Václav. Když chcete mezi špičku, trpí rodina a okolí. [Rozh. zapsala] Barbora Němcová. Mladá fronta Dnes, 22, 2011, 1.X., č. 230, Plzeňský Dnes, s. B/5. - 2 fot.</marc:subfield>
      </marc:datafield>
      <marc:datafield tag="678" ind1="0" ind2=" ">
         <marc:subfield code="a">Narozen 1.2.1930, zemřel 2017. Prof., Ing., DrSc., vědecký pracovník, práce v oboru strojírenské technologie a fyzikální metalurgie.</marc:subfield>
      </marc:datafield>
      <marc:datafield tag="909" ind1=" " ind2=" ">
         <marc:subfield code="a">CZ</marc:subfield>
      </marc:datafield>
      <marc:datafield tag="IST" ind1=" " ind2=" ">
         <marc:subfield code="a">sa20170208</marc:subfield>
         <marc:subfield code="b">ib</marc:subfield>
      </marc:datafield>
      <marc:datafield tag="KDN" ind1=" " ind2=" ">
         <marc:subfield code="a">19300201</marc:subfield>
      </marc:datafield>
      <marc:datafield tag="KDU" ind1=" " ind2=" ">
         <marc:subfield code="a">20170200</marc:subfield>
      </marc:datafield>
      <marc:leader>-----nz--a22-----n--4500</marc:leader>
   </marc:record>