
   <marc:record>
      <marc:controlfield tag="001">000007553</marc:controlfield>
      <marc:controlfield tag="003">CZ-PlERL</marc:controlfield>
      <marc:controlfield tag="005">20170222082335.0</marc:controlfield>
      <marc:controlfield tag="008">170221-n-acnnnaabn-----------n-a-a------</marc:controlfield>
      <marc:datafield tag="040" ind1=" " ind2=" ">
         <marc:subfield code="a">PNA001</marc:subfield>
         <marc:subfield code="b">cze</marc:subfield>
      </marc:datafield>
      <marc:datafield tag="100" ind1="1" ind2=" ">
         <marc:subfield code="a">Knetlová, Ivana</marc:subfield>
         <marc:subfield code="7">jo2008479027</marc:subfield>
      </marc:datafield>
      <marc:datafield tag="R04" ind1=" " ind2=" ">
         <marc:subfield code="a">Literatura</marc:subfield>
      </marc:datafield>
      <marc:datafield tag="R04" ind1=" " ind2=" ">
         <marc:subfield code="a">Malířství</marc:subfield>
      </marc:datafield>
      <marc:datafield tag="R05" ind1=" " ind2=" ">
         <marc:subfield code="o">Domažlice</marc:subfield>
         <marc:subfield code="m">Kdyně</marc:subfield>
      </marc:datafield>
      <marc:datafield tag="R06" ind1=" " ind2=" ">
         <marc:subfield code="a">básnířky</marc:subfield>
      </marc:datafield>
      <marc:datafield tag="R06" ind1=" " ind2=" ">
         <marc:subfield code="a">ilustrátorky</marc:subfield>
      </marc:datafield>
      <marc:datafield tag="R07" ind1=" " ind2=" ">
         <marc:subfield code="a">Básnířka, ilustrátorka, autorka učebnic pro děti. Vystudovala gymnázium a VŠSE v Plzni, žije ve Kdyni. Píše pohádky, básně, ilustruje. Je autorkou knih pro děti Násobilka - veselé počítání sklaunem Matějem, , Hrajeme si s barvami a obrázky, Hrajeme si s čísly atd. Za své básně získala ocenění v polské literární soutěži.</marc:subfield>
      </marc:datafield>
      <marc:datafield tag="670" ind1=" " ind2=" ">
         <marc:subfield code="a">Bauerová, Milena. Ivana Knetlová ze Kdyně píše knihy, které dětem pomáhají s učením. Domažlický deník, 25, 2016, 22.I., č. 18, s. 2. - 1 fot.</marc:subfield>
      </marc:datafield>
      <marc:datafield tag="678" ind1="0" ind2=" ">
         <marc:subfield code="a">Básnířka, držitelka ocenění z polské mezinárodní literární soutěže.</marc:subfield>
      </marc:datafield>
      <marc:datafield tag="909" ind1=" " ind2=" ">
         <marc:subfield code="a">CZ</marc:subfield>
      </marc:datafield>
      <marc:datafield tag="IST" ind1=" " ind2=" ">
         <marc:subfield code="a">sa20170221</marc:subfield>
         <marc:subfield code="b">ib</marc:subfield>
      </marc:datafield>
      <marc:leader>-----nz--a22-----n--4500</marc:leader>
   </marc:record>