
   <marc:record>
      <marc:controlfield tag="001">000007561</marc:controlfield>
      <marc:controlfield tag="003">CZ-PlERL</marc:controlfield>
      <marc:controlfield tag="005">20181025141231.0</marc:controlfield>
      <marc:controlfield tag="008">170301-n-acnnnaabn-----------n-a-a------</marc:controlfield>
      <marc:datafield tag="040" ind1=" " ind2=" ">
         <marc:subfield code="a">PNA001</marc:subfield>
         <marc:subfield code="b">cze</marc:subfield>
      </marc:datafield>
      <marc:datafield tag="100" ind1="1" ind2=" ">
         <marc:subfield code="a">Pytlík, Adolf,</marc:subfield>
         <marc:subfield code="d">1839-1908</marc:subfield>
         <marc:subfield code="7">xx0134197</marc:subfield>
      </marc:datafield>
      <marc:datafield tag="R02" ind1=" " ind2=" ">
         <marc:subfield code="o">Plzeň-město</marc:subfield>
         <marc:subfield code="m">Plzeň</marc:subfield>
      </marc:datafield>
      <marc:datafield tag="R03" ind1=" " ind2=" ">
         <marc:subfield code="o">Plzeň-město</marc:subfield>
         <marc:subfield code="m">Plzeň</marc:subfield>
      </marc:datafield>
      <marc:datafield tag="R04" ind1=" " ind2=" ">
         <marc:subfield code="a">Politika</marc:subfield>
      </marc:datafield>
      <marc:datafield tag="R04" ind1=" " ind2=" ">
         <marc:subfield code="a">Městská správa</marc:subfield>
      </marc:datafield>
      <marc:datafield tag="R04" ind1=" " ind2=" ">
         <marc:subfield code="a">Veřejná správa</marc:subfield>
      </marc:datafield>
      <marc:datafield tag="R04" ind1=" " ind2=" ">
         <marc:subfield code="a">Podnikání</marc:subfield>
      </marc:datafield>
      <marc:datafield tag="R04" ind1=" " ind2=" ">
         <marc:subfield code="a">Pivovarnictví</marc:subfield>
      </marc:datafield>
      <marc:datafield tag="R04" ind1=" " ind2=" ">
         <marc:subfield code="a">Dárcovství</marc:subfield>
      </marc:datafield>
      <marc:datafield tag="R05" ind1=" " ind2=" ">
         <marc:subfield code="o">Plzeň-město</marc:subfield>
         <marc:subfield code="m">Plzeň</marc:subfield>
      </marc:datafield>
      <marc:datafield tag="R06" ind1=" " ind2=" ">
         <marc:subfield code="a">politici</marc:subfield>
      </marc:datafield>
      <marc:datafield tag="R06" ind1=" " ind2=" ">
         <marc:subfield code="a">podnikatelé</marc:subfield>
      </marc:datafield>
      <marc:datafield tag="R06" ind1=" " ind2=" ">
         <marc:subfield code="a">pivovarníci</marc:subfield>
      </marc:datafield>
      <marc:datafield tag="R06" ind1=" " ind2=" ">
         <marc:subfield code="a">dárci</marc:subfield>
      </marc:datafield>
      <marc:datafield tag="R06" ind1=" " ind2=" ">
         <marc:subfield code="a">donátoři</marc:subfield>
      </marc:datafield>
      <marc:datafield tag="R06" ind1=" " ind2=" ">
         <marc:subfield code="a">čestní občané</marc:subfield>
      </marc:datafield>
      <marc:datafield tag="R06" ind1=" " ind2=" ">
         <marc:subfield code="a">čestní měšťané</marc:subfield>
      </marc:datafield>
      <marc:datafield tag="R07" ind1=" " ind2=" ">
         <marc:subfield code="a">Politik, podnikatel a donátor. Pocházel z Plzně ze starousedlé rodiny. Po absolvování reálky se věnoval pivovarnictví a stal se také členem výboru měšťanského pivovaru. R. 1874 byl zvolen do obecního výboru a r. 1893 se stal členem městské rady, kterým zůstal až do své smrti. Byl známý jako velkorysý mecenáš a když se město r. 1874 nacházelo ve finanční tísni, poskytl mu pomoc ve výši 160 tisíc zlatých. Čestným měšťanem města Plzně se stal r. 1904.</marc:subfield>
      </marc:datafield>
      <marc:datafield tag="670" ind1=" " ind2=" ">
         <marc:subfield code="a">Adolf Pytlík. In: Almanach král. města Plzně na rok 1913. V Plzni : Obec královského města Plzně, 1913, s. 118-119. - 1 fotografie</marc:subfield>
      </marc:datafield>
      <marc:datafield tag="678" ind1="0" ind2=" ">
         <marc:subfield code="a">Narozen 17. 6. 1839 v Plzni, zemřel 23. 5.1908 v Plzni. Pivovarník, plzeňský donátor.</marc:subfield>
      </marc:datafield>
      <marc:datafield tag="909" ind1=" " ind2=" ">
         <marc:subfield code="a">CZ</marc:subfield>
      </marc:datafield>
      <marc:datafield tag="IST" ind1=" " ind2=" ">
         <marc:subfield code="a">sa20170301</marc:subfield>
         <marc:subfield code="b">ba</marc:subfield>
      </marc:datafield>
      <marc:datafield tag="KDN" ind1=" " ind2=" ">
         <marc:subfield code="a">18390617</marc:subfield>
      </marc:datafield>
      <marc:datafield tag="KDU" ind1=" " ind2=" ">
         <marc:subfield code="a">19080523</marc:subfield>
      </marc:datafield>
      <marc:leader>-----nz--a22-----n--4500</marc:leader>
   </marc:record>