
   <marc:record>
      <marc:controlfield tag="001">000007573</marc:controlfield>
      <marc:controlfield tag="003">CZ-PlERL</marc:controlfield>
      <marc:controlfield tag="005">20181017141304.0</marc:controlfield>
      <marc:controlfield tag="008">170303-n-acnnnaabn-----------n-a-a------</marc:controlfield>
      <marc:datafield tag="040" ind1=" " ind2=" ">
         <marc:subfield code="a">PNA001</marc:subfield>
         <marc:subfield code="b">cze</marc:subfield>
      </marc:datafield>
      <marc:datafield tag="100" ind1="1" ind2=" ">
         <marc:subfield code="a">Strébl, Bohuslav,</marc:subfield>
         <marc:subfield code="d">1864-1936</marc:subfield>
         <marc:subfield code="7">pna2009505123</marc:subfield>
      </marc:datafield>
      <marc:datafield tag="R02" ind1=" " ind2=" ">
         <marc:subfield code="o">Kutná Hora</marc:subfield>
         <marc:subfield code="m">Kutná Hora</marc:subfield>
      </marc:datafield>
      <marc:datafield tag="R04" ind1=" " ind2=" ">
         <marc:subfield code="a">Architektura</marc:subfield>
      </marc:datafield>
      <marc:datafield tag="R04" ind1=" " ind2=" ">
         <marc:subfield code="a">Pedagogika</marc:subfield>
      </marc:datafield>
      <marc:datafield tag="R05" ind1=" " ind2=" ">
         <marc:subfield code="o">Plzeň-město</marc:subfield>
         <marc:subfield code="m">Plzeň</marc:subfield>
      </marc:datafield>
      <marc:datafield tag="R06" ind1=" " ind2=" ">
         <marc:subfield code="a">architekti</marc:subfield>
      </marc:datafield>
      <marc:datafield tag="R06" ind1=" " ind2=" ">
         <marc:subfield code="a">středoškolští učitelé</marc:subfield>
      </marc:datafield>
      <marc:datafield tag="R07" ind1=" " ind2=" ">
         <marc:subfield code="a">Architekt, profesor na české průmyslové škole v Plzni. Vystudoval architekturu na ČVUT v Praze. Je autorem mnoha architektonických návrhů, podílel se na výstavbě plzeňského pivovaru.</marc:subfield>
      </marc:datafield>
      <marc:datafield tag="670" ind1=" " ind2=" ">
         <marc:subfield code="a">Štrébl, Bohuslav. In: Almanach král. města Plzně na rok 1913. V Plzni : Obec královského města Plzně, 1913, s. 355.</marc:subfield>
      </marc:datafield>
      <marc:datafield tag="670" ind1=" " ind2=" ">
         <marc:subfield code="a">Kovář, Jaromír. Průmyslová škola stavební v Plzni a výstavba města. In: Minulostí Západočeského kraje. Plzeň : Západočeské nakladatelství, 1980. Sv. 16, s. 113-135.</marc:subfield>
      </marc:datafield>
      <marc:datafield tag="678" ind1="0" ind2=" ">
         <marc:subfield code="a">Narozen 1864, zemřel 1936. Ing. arch., středoškolský profesor, projektant.</marc:subfield>
      </marc:datafield>
      <marc:datafield tag="909" ind1=" " ind2=" ">
         <marc:subfield code="a">CZ</marc:subfield>
      </marc:datafield>
      <marc:datafield tag="IST" ind1=" " ind2=" ">
         <marc:subfield code="a">sa20170303</marc:subfield>
         <marc:subfield code="b">ib</marc:subfield>
      </marc:datafield>
      <marc:datafield tag="KDN" ind1=" " ind2=" ">
         <marc:subfield code="a">18640000</marc:subfield>
      </marc:datafield>
      <marc:datafield tag="KDU" ind1=" " ind2=" ">
         <marc:subfield code="a">19360000</marc:subfield>
      </marc:datafield>
      <marc:leader>-----nz--a22-----n--4500</marc:leader>
   </marc:record>