
   <marc:record>
      <marc:controlfield tag="001">000007576</marc:controlfield>
      <marc:controlfield tag="003">CZ-PlERL</marc:controlfield>
      <marc:controlfield tag="005">20170307143450.0</marc:controlfield>
      <marc:controlfield tag="008">170307-n-acnnnaabn-----------n-a-a------</marc:controlfield>
      <marc:datafield tag="040" ind1=" " ind2=" ">
         <marc:subfield code="a">PNA001</marc:subfield>
         <marc:subfield code="b">cze</marc:subfield>
      </marc:datafield>
      <marc:datafield tag="100" ind1="1" ind2=" ">
         <marc:subfield code="a">Cajthamlová, Jaromíra</marc:subfield>
      </marc:datafield>
      <marc:datafield tag="R02" ind1=" " ind2=" ">
         <marc:subfield code="o">Plzeň-jih</marc:subfield>
         <marc:subfield code="m">Štěnovice</marc:subfield>
      </marc:datafield>
      <marc:datafield tag="R04" ind1=" " ind2=" ">
         <marc:subfield code="a">Hudba</marc:subfield>
      </marc:datafield>
      <marc:datafield tag="R05" ind1=" " ind2=" ">
         <marc:subfield code="o">Plzeň-jih</marc:subfield>
         <marc:subfield code="m">Štěnovice</marc:subfield>
      </marc:datafield>
      <marc:datafield tag="R05" ind1=" " ind2=" ">
         <marc:subfield code="o">Plzeň-jih</marc:subfield>
         <marc:subfield code="m">Starý Plzenec</marc:subfield>
      </marc:datafield>
      <marc:datafield tag="R06" ind1=" " ind2=" ">
         <marc:subfield code="a">klavíristky</marc:subfield>
      </marc:datafield>
      <marc:datafield tag="R07" ind1=" " ind2=" ">
         <marc:subfield code="a">Klavíristka.</marc:subfield>
      </marc:datafield>
      <marc:datafield tag="670" ind1=" " ind2=" ">
         <marc:subfield code="a">Jaromíra Cajthamlová - klavírní virtuózka. In: Vlčková, Alena. Štěnovice a osobnosti. Štěnovice, Obecní úřad 2016, s. 5-8. - 2 fot.</marc:subfield>
      </marc:datafield>
      <marc:datafield tag="678" ind1="0" ind2=" ">
         <marc:subfield code="a">Narozena 1892 ve Štěnovicích (Plzeň-jih), zemřela 1977. Klavíristka.</marc:subfield>
      </marc:datafield>
      <marc:datafield tag="909" ind1=" " ind2=" ">
         <marc:subfield code="a">CZ</marc:subfield>
      </marc:datafield>
      <marc:datafield tag="IST" ind1=" " ind2=" ">
         <marc:subfield code="a">sa20170307</marc:subfield>
         <marc:subfield code="b">jw</marc:subfield>
      </marc:datafield>
      <marc:datafield tag="KDN" ind1=" " ind2=" ">
         <marc:subfield code="a">18920000</marc:subfield>
      </marc:datafield>
      <marc:datafield tag="KDU" ind1=" " ind2=" ">
         <marc:subfield code="a">19770000</marc:subfield>
      </marc:datafield>
      <marc:leader>-----nz--a22-----n--4500</marc:leader>
   </marc:record>