
   <marc:record>
      <marc:controlfield tag="001">000007577</marc:controlfield>
      <marc:controlfield tag="003">CZ-PlERL</marc:controlfield>
      <marc:controlfield tag="005">20171026104624.0</marc:controlfield>
      <marc:controlfield tag="008">170307-n-acnnnaabn-----------n-a-a------</marc:controlfield>
      <marc:datafield tag="040" ind1=" " ind2=" ">
         <marc:subfield code="a">PNA001</marc:subfield>
         <marc:subfield code="b">cze</marc:subfield>
      </marc:datafield>
      <marc:datafield tag="100" ind1="1" ind2=" ">
         <marc:subfield code="a">Filipová, Eva</marc:subfield>
         <marc:subfield code="7">ola2016932509</marc:subfield>
      </marc:datafield>
      <marc:datafield tag="R04" ind1=" " ind2=" ">
         <marc:subfield code="a">Literatura</marc:subfield>
      </marc:datafield>
      <marc:datafield tag="R05" ind1=" " ind2=" ">
         <marc:subfield code="o">Plzeň-sever</marc:subfield>
         <marc:subfield code="m">Plasy</marc:subfield>
      </marc:datafield>
      <marc:datafield tag="R05" ind1=" " ind2=" ">
         <marc:subfield code="o">Praha</marc:subfield>
         <marc:subfield code="m">Praha</marc:subfield>
      </marc:datafield>
      <marc:datafield tag="R06" ind1=" " ind2=" ">
         <marc:subfield code="a">spisovatelky</marc:subfield>
      </marc:datafield>
      <marc:datafield tag="R06" ind1=" " ind2=" ">
         <marc:subfield code="a">ilustrátorky</marc:subfield>
      </marc:datafield>
      <marc:datafield tag="R07" ind1=" " ind2=" ">
         <marc:subfield code="a">Autorka beletrie Zpovědník času (2016).</marc:subfield>
      </marc:datafield>
      <marc:datafield tag="670" ind1=" " ind2=" ">
         <marc:subfield code="a">Filipová, Eva. Šestnáctiletá studentka vydává první knihu, na další už pracuje. [Rozh. zaps.] Andrea Pánková. Plzeňský deník, [25], 2016, 1.XI., č. 255, s. [1]. - 1 fot.</marc:subfield>
      </marc:datafield>
      <marc:datafield tag="670" ind1=" " ind2=" ">
         <marc:subfield code="a">Lovčí, Radovan. Kniha mladé plaské spisovatelky. Vlastivědný sborník, 27, 2017, č. 2, s. 4-5. - 1 obrázek</marc:subfield>
      </marc:datafield>
      <marc:datafield tag="670" ind1=" " ind2=" ">
         <marc:subfield code="a">Šrámková, Jitka. Čtvrtý pokus. Ten už stál za vydání. Mladá fronta Dnes, 27, 2016, 31.X, č. 254, příl. Kraj plzeňský, s. 17. - 1 fot.</marc:subfield>
      </marc:datafield>
      <marc:datafield tag="678" ind1="0" ind2=" ">
         <marc:subfield code="a">Studentka střední školy (2016), autorka románu a ilustrací.</marc:subfield>
      </marc:datafield>
      <marc:datafield tag="909" ind1=" " ind2=" ">
         <marc:subfield code="a">CZ</marc:subfield>
      </marc:datafield>
      <marc:datafield tag="IST" ind1=" " ind2=" ">
         <marc:subfield code="a">sa20170307</marc:subfield>
         <marc:subfield code="b">jw</marc:subfield>
      </marc:datafield>
      <marc:leader>-----nz--a22-----n--4500</marc:leader>
   </marc:record>