
   <marc:record>
      <marc:controlfield tag="001">000007584</marc:controlfield>
      <marc:controlfield tag="003">CZ-PlERL</marc:controlfield>
      <marc:controlfield tag="005">20171031134705.0</marc:controlfield>
      <marc:controlfield tag="008">170323-n-acnnnaabn-----------n-a-a------</marc:controlfield>
      <marc:datafield tag="040" ind1=" " ind2=" ">
         <marc:subfield code="a">PNA001</marc:subfield>
         <marc:subfield code="b">cze</marc:subfield>
      </marc:datafield>
      <marc:datafield tag="100" ind1="1" ind2=" ">
         <marc:subfield code="a">Schanzer, Carlo,</marc:subfield>
         <marc:subfield code="d">1865-1953</marc:subfield>
      </marc:datafield>
      <marc:datafield tag="R02" ind1=" " ind2=" ">
         <marc:subfield code="o">Rakousko</marc:subfield>
         <marc:subfield code="m">Vídeň</marc:subfield>
      </marc:datafield>
      <marc:datafield tag="R03" ind1=" " ind2=" ">
         <marc:subfield code="o">Itálie</marc:subfield>
         <marc:subfield code="m">Řím</marc:subfield>
      </marc:datafield>
      <marc:datafield tag="R04" ind1=" " ind2=" ">
         <marc:subfield code="a">Politika</marc:subfield>
      </marc:datafield>
      <marc:datafield tag="R05" ind1=" " ind2=" ">
         <marc:subfield code="o">Itálie</marc:subfield>
         <marc:subfield code="m">Řím</marc:subfield>
      </marc:datafield>
      <marc:datafield tag="R07" ind1=" " ind2=" ">
         <marc:subfield code="a">Politik, v r. 1920 ministr financí, v l. 1922-1923 ministr zahraničí Italské republiky.</marc:subfield>
      </marc:datafield>
      <marc:datafield tag="R10" ind1=" " ind2=" ">
         <marc:subfield code="a">Jeho rod pocházel ze Štěnovic.</marc:subfield>
      </marc:datafield>
      <marc:datafield tag="670" ind1=" " ind2=" ">
         <marc:subfield code="a">Vlčková, Alena. Carlo Schanzer - politik. In: Štěnovice a osobnosti. Štěnovice : Obecní úřad, 2016, s. 39. - 1 fot. - Bibliografie</marc:subfield>
      </marc:datafield>
      <marc:datafield tag="678" ind1="0" ind2=" ">
         <marc:subfield code="a">Narozen 18.12.1865 ve Vídni, zemřel 23.10.1953 v Římě. Politik.</marc:subfield>
      </marc:datafield>
      <marc:datafield tag="909" ind1=" " ind2=" ">
         <marc:subfield code="a">CZ</marc:subfield>
      </marc:datafield>
      <marc:datafield tag="IST" ind1=" " ind2=" ">
         <marc:subfield code="a">sa20170323</marc:subfield>
         <marc:subfield code="b">jw</marc:subfield>
      </marc:datafield>
      <marc:datafield tag="KDN" ind1=" " ind2=" ">
         <marc:subfield code="a">18651218</marc:subfield>
      </marc:datafield>
      <marc:datafield tag="KDU" ind1=" " ind2=" ">
         <marc:subfield code="a">19531023</marc:subfield>
      </marc:datafield>
      <marc:leader>-----nz--a22-----n--4500</marc:leader>
   </marc:record>