
   <marc:record>
      <marc:controlfield tag="001">000007586</marc:controlfield>
      <marc:controlfield tag="003">CZ-PlERL</marc:controlfield>
      <marc:controlfield tag="005">20181016133715.0</marc:controlfield>
      <marc:controlfield tag="008">170405-n-acnnnaabn-----------n-a-a------</marc:controlfield>
      <marc:datafield tag="040" ind1=" " ind2=" ">
         <marc:subfield code="a">PNA001</marc:subfield>
         <marc:subfield code="b">cze</marc:subfield>
      </marc:datafield>
      <marc:datafield tag="100" ind1="1" ind2=" ">
         <marc:subfield code="a">Šimandl, Miroslav,</marc:subfield>
         <marc:subfield code="d">1954-2015</marc:subfield>
         <marc:subfield code="7">mzk2004223575</marc:subfield>
         <marc:subfield code="s">Prof. Ing., CSc.</marc:subfield>
      </marc:datafield>
      <marc:datafield tag="R02" ind1=" " ind2=" ">
         <marc:subfield code="o">Plzeň-sever</marc:subfield>
         <marc:subfield code="m">Ledce</marc:subfield>
      </marc:datafield>
      <marc:datafield tag="R04" ind1=" " ind2=" ">
         <marc:subfield code="a">Vysoké školy</marc:subfield>
      </marc:datafield>
      <marc:datafield tag="R04" ind1=" " ind2=" ">
         <marc:subfield code="a">Kybernetika</marc:subfield>
      </marc:datafield>
      <marc:datafield tag="R05" ind1=" " ind2=" ">
         <marc:subfield code="o">Plzeň.-město</marc:subfield>
         <marc:subfield code="m">Plzeň</marc:subfield>
      </marc:datafield>
      <marc:datafield tag="R06" ind1=" " ind2=" ">
         <marc:subfield code="a">vysokoškolští učitelé</marc:subfield>
      </marc:datafield>
      <marc:datafield tag="R06" ind1=" " ind2=" ">
         <marc:subfield code="a">kybernetici</marc:subfield>
      </marc:datafield>
      <marc:datafield tag="R06" ind1=" " ind2=" ">
         <marc:subfield code="a">vědci</marc:subfield>
      </marc:datafield>
      <marc:datafield tag="R07" ind1=" " ind2=" ">
         <marc:subfield code="a">Vysokoškolský učitel, kybernetik, výzkumný pracovník. Vystudoval kybernetiku a automatizované systémy řízení na Vysoké ěkole strojní a elektrotechnické v Plzni. Působil na katedře kybernetiky VŠSE, později fakulty aplikovaných věd ZČU. Přednášel na řadě zahraničních univerzit a vydal přes stovku zahraničních publikací. Od roku 2011 vykonával funkci prorektora ZČU pro výzkum a vývoj. Za svou práci získal řadu ocenění, naposledy Cenu Wernera von Siemense v kategorii Nejvýznamnější výsledek základního výzkumu.</marc:subfield>
      </marc:datafield>
      <marc:datafield tag="670" ind1=" " ind2=" ">
         <marc:subfield code="a">Mauritzová, Ilona. Západočeská univerzita představila nové vedení. [Rozh. zapsala] Michaela Kunešová. Plzeňský deník, 20, 2011, 5.III., č. 54, s. 2. - 1 fot.</marc:subfield>
      </marc:datafield>
      <marc:datafield tag="670" ind1=" " ind2=" ">
         <marc:subfield code="a">Šimandl, Miroslav. Vědecký tým z Plzně získal prestižní ocenění. [Rozh. zapsala] Klára Mrázová. Plzeňský deník, 24, 2015, 9.II., č. 33, s. 3. - 1 fot.</marc:subfield>
      </marc:datafield>
      <marc:datafield tag="670" ind1=" " ind2=" ">
         <marc:subfield code="a">(mrak). Zemřel prorektor ZČU Miroslav Šimandl. Plzeňský deník, 24, 2015, 26.III., č. 72, s. 2. - 1 fot.</marc:subfield>
      </marc:datafield>
      <marc:datafield tag="670" ind1=" " ind2=" ">
         <marc:subfield code="a">(ban). Prorektor ZČU pro výzkum a vývoj Šimandl zemřel. Mladá fronta Dnes, 26, 2015, 27.III., č. 73, s. B/2.</marc:subfield>
      </marc:datafield>
      <marc:datafield tag="678" ind1="0" ind2=" ">
         <marc:subfield code="a">Narozen 1954 v Ledcích u Plzně, zemřel 23. 3. 2015. Prof., Ing., CSc., práce z technické kybernetiky, zejména z automatického řízení a zpracování signálů.</marc:subfield>
      </marc:datafield>
      <marc:datafield tag="909" ind1=" " ind2=" ">
         <marc:subfield code="a">CZ</marc:subfield>
      </marc:datafield>
      <marc:datafield tag="IST" ind1=" " ind2=" ">
         <marc:subfield code="a">sa20170405</marc:subfield>
         <marc:subfield code="b">ib</marc:subfield>
      </marc:datafield>
      <marc:datafield tag="KDN" ind1=" " ind2=" ">
         <marc:subfield code="a">19540000</marc:subfield>
      </marc:datafield>
      <marc:datafield tag="KDU" ind1=" " ind2=" ">
         <marc:subfield code="a">20150323</marc:subfield>
      </marc:datafield>
      <marc:leader>-----nz--a22-----n--4500</marc:leader>
   </marc:record>