
   <marc:record>
      <marc:controlfield tag="001">000007592</marc:controlfield>
      <marc:controlfield tag="003">CZ-PlERL</marc:controlfield>
      <marc:controlfield tag="005">20181016140441.0</marc:controlfield>
      <marc:controlfield tag="008">170420-n-acnnnaabn-----------n-a-a------</marc:controlfield>
      <marc:datafield tag="040" ind1=" " ind2=" ">
         <marc:subfield code="a">PNA001</marc:subfield>
         <marc:subfield code="b">cze</marc:subfield>
      </marc:datafield>
      <marc:datafield tag="100" ind1="1" ind2=" ">
         <marc:subfield code="a">Lederer, Vítězslav,</marc:subfield>
         <marc:subfield code="d">1904-1972</marc:subfield>
         <marc:subfield code="7">xx0138087</marc:subfield>
      </marc:datafield>
      <marc:datafield tag="R02" ind1=" " ind2=" ">
         <marc:subfield code="o">Tachov</marc:subfield>
         <marc:subfield code="m">Písařova Vesce</marc:subfield>
      </marc:datafield>
      <marc:datafield tag="R03" ind1=" " ind2=" ">
         <marc:subfield code="o">Praha</marc:subfield>
         <marc:subfield code="m">Praha</marc:subfield>
      </marc:datafield>
      <marc:datafield tag="R04" ind1=" " ind2=" ">
         <marc:subfield code="a">Druhá světová válka</marc:subfield>
      </marc:datafield>
      <marc:datafield tag="R05" ind1=" " ind2=" ">
         <marc:subfield code="o">Plzeň-město</marc:subfield>
         <marc:subfield code="m">Plzeň</marc:subfield>
      </marc:datafield>
      <marc:datafield tag="R06" ind1=" " ind2=" ">
         <marc:subfield code="a">odbojáři</marc:subfield>
      </marc:datafield>
      <marc:datafield tag="R07" ind1=" " ind2=" ">
         <marc:subfield code="a">Odbojář v Plzni, po zatčení uvězněn v koncentračním táboře Auschwitz-Birkenau, odkud uprchl. Po útěku informoval o poměrech v koncentračním táboře veřejnost.</marc:subfield>
      </marc:datafield>
      <marc:datafield tag="670" ind1=" " ind2=" ">
         <marc:subfield code="a">Vlčková, Alena. Vítězslav Lederer - uprchlík z Osvětimi. Štěnovice a osobnosti. Štěnovice : Obecní úřad 2016, s. 23-26. - 2 fot. - Bibliografie</marc:subfield>
      </marc:datafield>
      <marc:datafield tag="678" ind1="0" ind2=" ">
         <marc:subfield code="a">Narozen 6.3.1904 v Písařově Vesci (TC), zemřel 1972 v Praze. Židovský uprchlík z koncentračního tábora Auschwitz-Birkenau, odbojář.</marc:subfield>
      </marc:datafield>
      <marc:datafield tag="909" ind1=" " ind2=" ">
         <marc:subfield code="a">CZ</marc:subfield>
      </marc:datafield>
      <marc:datafield tag="IST" ind1=" " ind2=" ">
         <marc:subfield code="a">sa20170420</marc:subfield>
         <marc:subfield code="b">jw</marc:subfield>
      </marc:datafield>
      <marc:datafield tag="KDN" ind1=" " ind2=" ">
         <marc:subfield code="a">19040306</marc:subfield>
      </marc:datafield>
      <marc:datafield tag="KDU" ind1=" " ind2=" ">
         <marc:subfield code="a">19720000</marc:subfield>
      </marc:datafield>
      <marc:leader>-----nz--a22-----n--4500</marc:leader>
   </marc:record>