
   <marc:record>
      <marc:controlfield tag="001">000007594</marc:controlfield>
      <marc:controlfield tag="003">CZ-PlERL</marc:controlfield>
      <marc:controlfield tag="005">20170425101934.0</marc:controlfield>
      <marc:controlfield tag="008">170421-n-acnnnaabn-----------n-a-a------</marc:controlfield>
      <marc:datafield tag="040" ind1=" " ind2=" ">
         <marc:subfield code="a">PNA001</marc:subfield>
         <marc:subfield code="b">cze</marc:subfield>
      </marc:datafield>
      <marc:datafield tag="100" ind1="1" ind2=" ">
         <marc:subfield code="a">Altman, Hynek,</marc:subfield>
         <marc:subfield code="d">1921-1990</marc:subfield>
      </marc:datafield>
      <marc:datafield tag="R04" ind1=" " ind2=" ">
         <marc:subfield code="a">Fotografování</marc:subfield>
      </marc:datafield>
      <marc:datafield tag="R04" ind1=" " ind2=" ">
         <marc:subfield code="a">Fotografie</marc:subfield>
      </marc:datafield>
      <marc:datafield tag="R05" ind1=" " ind2=" ">
         <marc:subfield code="o">Tachov</marc:subfield>
         <marc:subfield code="m">Tachov</marc:subfield>
      </marc:datafield>
      <marc:datafield tag="R06" ind1=" " ind2=" ">
         <marc:subfield code="a">fotografové</marc:subfield>
      </marc:datafield>
      <marc:datafield tag="R07" ind1=" " ind2=" ">
         <marc:subfield code="a">Tachovský fotograf. Do Tachova přišel v r. 1945 a dlouho zde byl jediným profesionálním fotografem. Pracoval pro okresní noviny a dokumentoval život a rozvoj města.</marc:subfield>
      </marc:datafield>
      <marc:datafield tag="670" ind1=" " ind2=" ">
         <marc:subfield code="a">Hutníková, Jana. Poctu vzdají pomocí výstavy : během vernisáže fotografií Hynka Altmana budou ukázány i fotografie z osobního archivu. [Rozh. zapsal] Jindřich Sýkora. Tachovský deník, [25], 2016, 28.I., č. 23, s. 2.</marc:subfield>
      </marc:datafield>
      <marc:datafield tag="670" ind1=" " ind2=" ">
         <marc:subfield code="a">Hutníková, Jana. Historické snímky Tachova přilákaly davy : Hynek Altman by tento měsíc oslavil pětadevadesáté narozeniny. A počtem účastníků vernisáže by byl jistě velmi potěšen. [Rozh. zapsal] Jindřich Sýkora. Tachovský deník, [25], 2016, 4.II., č. 29, s. 3. - 5 fot.</marc:subfield>
      </marc:datafield>
      <marc:datafield tag="678" ind1="0" ind2=" ">
         <marc:subfield code="a">Fotograf, působil v Tachově. Narodil se v r. 1921, zemřel 1990.</marc:subfield>
      </marc:datafield>
      <marc:datafield tag="909" ind1=" " ind2=" ">
         <marc:subfield code="a">CZ</marc:subfield>
      </marc:datafield>
      <marc:datafield tag="IST" ind1=" " ind2=" ">
         <marc:subfield code="a">sa20170421</marc:subfield>
         <marc:subfield code="b">ba</marc:subfield>
      </marc:datafield>
      <marc:datafield tag="KDN" ind1=" " ind2=" ">
         <marc:subfield code="a">19210000</marc:subfield>
      </marc:datafield>
      <marc:datafield tag="KDU" ind1=" " ind2=" ">
         <marc:subfield code="a">19900000</marc:subfield>
      </marc:datafield>
      <marc:leader>-----nz--a22-----n--4500</marc:leader>
   </marc:record>