
   <marc:record>
      <marc:controlfield tag="001">000007595</marc:controlfield>
      <marc:controlfield tag="003">CZ-PlERL</marc:controlfield>
      <marc:controlfield tag="005">20180202131616.0</marc:controlfield>
      <marc:controlfield tag="008">170424-n-acnnnaabn-----------n-a-a------</marc:controlfield>
      <marc:datafield tag="040" ind1=" " ind2=" ">
         <marc:subfield code="a">PNA001</marc:subfield>
         <marc:subfield code="b">cze</marc:subfield>
      </marc:datafield>
      <marc:datafield tag="100" ind1="1" ind2=" ">
         <marc:subfield code="a">Kolowrat-Krakowský, Alexander Joseph,</marc:subfield>
         <marc:subfield code="c">hrabě,</marc:subfield>
         <marc:subfield code="d">1886-1927</marc:subfield>
         <marc:subfield code="7">xx0206285</marc:subfield>
      </marc:datafield>
      <marc:datafield tag="R02" ind1=" " ind2=" ">
         <marc:subfield code="o">Spojené státy americké</marc:subfield>
         <marc:subfield code="m">Glen Ridge</marc:subfield>
      </marc:datafield>
      <marc:datafield tag="R03" ind1=" " ind2=" ">
         <marc:subfield code="o">Rakousko</marc:subfield>
         <marc:subfield code="m">Vídeň</marc:subfield>
      </marc:datafield>
      <marc:datafield tag="R04" ind1=" " ind2=" ">
         <marc:subfield code="a">Film</marc:subfield>
      </marc:datafield>
      <marc:datafield tag="R04" ind1=" " ind2=" ">
         <marc:subfield code="a">Motorismus</marc:subfield>
      </marc:datafield>
      <marc:datafield tag="R04" ind1=" " ind2=" ">
         <marc:subfield code="a">Automobilové závody</marc:subfield>
      </marc:datafield>
      <marc:datafield tag="R04" ind1=" " ind2=" ">
         <marc:subfield code="a">Šlechta</marc:subfield>
      </marc:datafield>
      <marc:datafield tag="R04" ind1=" " ind2=" ">
         <marc:subfield code="a">Aristokracie</marc:subfield>
      </marc:datafield>
      <marc:datafield tag="R05" ind1=" " ind2=" ">
         <marc:subfield code="o">Rakousko</marc:subfield>
         <marc:subfield code="m">Vídeň</marc:subfield>
      </marc:datafield>
      <marc:datafield tag="R05" ind1=" " ind2=" ">
         <marc:subfield code="o">Tachov</marc:subfield>
         <marc:subfield code="m">Velké Dvorce</marc:subfield>
      </marc:datafield>
      <marc:datafield tag="R05" ind1=" " ind2=" ">
         <marc:subfield code="o">Klatovy</marc:subfield>
         <marc:subfield code="m">Týnec</marc:subfield>
      </marc:datafield>
      <marc:datafield tag="R06" ind1=" " ind2=" ">
         <marc:subfield code="a">filmoví producenti</marc:subfield>
      </marc:datafield>
      <marc:datafield tag="R06" ind1=" " ind2=" ">
         <marc:subfield code="a">automobiloví závodníci</marc:subfield>
      </marc:datafield>
      <marc:datafield tag="R06" ind1=" " ind2=" ">
         <marc:subfield code="a">šlechtici</marc:subfield>
      </marc:datafield>
      <marc:datafield tag="R06" ind1=" " ind2=" ">
         <marc:subfield code="a">aristokraté</marc:subfield>
      </marc:datafield>
      <marc:datafield tag="R07" ind1=" " ind2=" ">
         <marc:subfield code="a">Aistokrat, automobilový závodník a filmový producent. Narodil se v r. 1886 v USA, o rok později se rodina přesunula na rodinné panství v Týnci u Klatov. Alexander, přezdívaný Saša, se stal jedním z průkopníků automobilismu v Rakousko-Uhersku a nadšeným automobilovým závodníkem. Začal se také věnovat tehdy novému médiu, kterým byl film. Na zámku ve Velkých Dvorcích zřídil filmové ateliéry, které po požáru zámku v r. 1912 přesunul do Vídně. Díky jeho filmové společnosti byla pro světovou kinematografii objevena řada známých hereček, zejména Marlene Dietrich.</marc:subfield>
      </marc:datafield>
      <marc:datafield tag="670" ind1=" " ind2=" ">
         <marc:subfield code="a">Kohout, Jiří. Saša byl osobu, za kterou se každý otočil : připomněli jsme si 130 let od narození prvního filmového producenta v Rakousko-Uhersku, hraběte Alexandra Kolowrat-Krakowského. Tachovský deník, [25], 2016, 1.II., č. 26, s. 3. - 3 fot.</marc:subfield>
      </marc:datafield>
      <marc:datafield tag="670" ind1=" " ind2=" ">
         <marc:subfield code="a">Gersdorfová, Zlata. Historie zámku ve Velkých Dvorcích. In: Památky západních Čech : studie a zprávy. Plzeň : Národní památkový ústav - územní odborné pracoviště v Plzni, 2017. [Sv.] 6-7, s. 25-38. - 10 fot., 3 obr., 1 mapa</marc:subfield>
      </marc:datafield>
      <marc:datafield tag="678" ind1="0" ind2=" ">
         <marc:subfield code="a">Narozen 29. 1. 1886 v Glen Ridge (Spojené státy americké), zemřel 4. 12. 1927 ve Vídni (Rakousko). Český automobilový závodník, letec a zakladatel rakouského filmového průmyslu.</marc:subfield>
      </marc:datafield>
      <marc:datafield tag="909" ind1=" " ind2=" ">
         <marc:subfield code="a">CZ</marc:subfield>
      </marc:datafield>
      <marc:datafield tag="IST" ind1=" " ind2=" ">
         <marc:subfield code="a">sa20170424</marc:subfield>
         <marc:subfield code="b">ba</marc:subfield>
      </marc:datafield>
      <marc:datafield tag="KDN" ind1=" " ind2=" ">
         <marc:subfield code="a">18860129</marc:subfield>
      </marc:datafield>
      <marc:datafield tag="KDU" ind1=" " ind2=" ">
         <marc:subfield code="a">19271204</marc:subfield>
      </marc:datafield>
      <marc:leader>-----nz--a22-----n--4500</marc:leader>
   </marc:record>