
   <marc:record>
      <marc:controlfield tag="001">000007599</marc:controlfield>
      <marc:controlfield tag="003">CZ-PlERL</marc:controlfield>
      <marc:controlfield tag="005">20171107105116.0</marc:controlfield>
      <marc:controlfield tag="008">170502-n-acnnnaabn-----------n-a-a------</marc:controlfield>
      <marc:datafield tag="040" ind1=" " ind2=" ">
         <marc:subfield code="a">PNA001</marc:subfield>
         <marc:subfield code="b">cze</marc:subfield>
      </marc:datafield>
      <marc:datafield tag="100" ind1="1" ind2=" ">
         <marc:subfield code="a">Jurečka, Jaroslav,</marc:subfield>
         <marc:subfield code="d">1943-</marc:subfield>
         <marc:subfield code="7">jn20000710111</marc:subfield>
         <marc:subfield code="s">Ing.</marc:subfield>
      </marc:datafield>
      <marc:datafield tag="R02" ind1=" " ind2=" ">
         <marc:subfield code="o">Vsetín</marc:subfield>
         <marc:subfield code="m">Vsetín</marc:subfield>
      </marc:datafield>
      <marc:datafield tag="R04" ind1=" " ind2=" ">
         <marc:subfield code="a">Politika</marc:subfield>
      </marc:datafield>
      <marc:datafield tag="R05" ind1=" " ind2=" ">
         <marc:subfield code="o">Plzeň-město</marc:subfield>
         <marc:subfield code="m">Plzeň</marc:subfield>
      </marc:datafield>
      <marc:datafield tag="R06" ind1=" " ind2=" ">
         <marc:subfield code="a">politici</marc:subfield>
      </marc:datafield>
      <marc:datafield tag="R06" ind1=" " ind2=" ">
         <marc:subfield code="a">inženýři</marc:subfield>
      </marc:datafield>
      <marc:datafield tag="R06" ind1=" " ind2=" ">
         <marc:subfield code="a">poslanci</marc:subfield>
      </marc:datafield>
      <marc:datafield tag="R07" ind1=" " ind2=" ">
         <marc:subfield code="a">Politik, senátor, náměstek ministrů. Absolvoval Fakultu technické a jaderné fyziky ČVUT, do listopadu 1989 pracoval 20 let v plzeňské Škodě jako výzkumný pracovník. R. 1991 vstoupil do ODS. Působil jako náměstek ministra financí, ministra hospodářství, ministra pro spránu národního majetku a privatizaci. V letech 1996-1998 byl senátorem za obvod Plzeň-město.</marc:subfield>
      </marc:datafield>
      <marc:datafield tag="670" ind1=" " ind2=" ">
         <marc:subfield code="a">Jurečka, Jaroslav. Doháním resty za léta v politice : zapomenuté osudy. [Rozh. zapsal] Jaroslav Nedvěd. Mladá fronta Dnes, 27, 2016, 16.IV., č. 89, Plzeňský Dnes, s. 18. - 1 fot.</marc:subfield>
      </marc:datafield>
      <marc:datafield tag="678" ind1="0" ind2=" ">
         <marc:subfield code="a">Narozen 10.2.1943 ve Vsetíně. Ing., jaderný technik, reprezentant v běhu na lyžích, práce o běhu na lyžích, výzkumné práce z oboru jaderné techniky a bezpečnosti.</marc:subfield>
      </marc:datafield>
      <marc:datafield tag="IST" ind1=" " ind2=" ">
         <marc:subfield code="a">sa20170502</marc:subfield>
         <marc:subfield code="b">ib</marc:subfield>
      </marc:datafield>
      <marc:datafield tag="KDN" ind1=" " ind2=" ">
         <marc:subfield code="a">19430210</marc:subfield>
      </marc:datafield>
      <marc:datafield tag="909" ind1=" " ind2=" ">
         <marc:subfield code="a">CZ</marc:subfield>
      </marc:datafield>
      <marc:leader>-----nz--a22-----n--4500</marc:leader>
   </marc:record>