
   <marc:record>
      <marc:controlfield tag="001">000007603</marc:controlfield>
      <marc:controlfield tag="003">CZ-PlERL</marc:controlfield>
      <marc:controlfield tag="005">20190111130828.0</marc:controlfield>
      <marc:controlfield tag="008">170518-n-acnnnaabn-----------n-a-a------</marc:controlfield>
      <marc:datafield tag="040" ind1=" " ind2=" ">
         <marc:subfield code="a">PNA001</marc:subfield>
         <marc:subfield code="b">cze</marc:subfield>
      </marc:datafield>
      <marc:datafield tag="100" ind1="1" ind2=" ">
         <marc:subfield code="a">Součková, Zuzana,</marc:subfield>
         <marc:subfield code="d">1962-</marc:subfield>
         <marc:subfield code="7">osa2014846718</marc:subfield>
      </marc:datafield>
      <marc:datafield tag="R04" ind1=" " ind2=" ">
         <marc:subfield code="a">Sport</marc:subfield>
      </marc:datafield>
      <marc:datafield tag="R04" ind1=" " ind2=" ">
         <marc:subfield code="a">Běh</marc:subfield>
      </marc:datafield>
      <marc:datafield tag="R04" ind1=" " ind2=" ">
         <marc:subfield code="a">Literatura</marc:subfield>
      </marc:datafield>
      <marc:datafield tag="R05" ind1=" " ind2=" ">
         <marc:subfield code="o">Tachov</marc:subfield>
         <marc:subfield code="m">Stříbro</marc:subfield>
      </marc:datafield>
      <marc:datafield tag="R06" ind1=" " ind2=" ">
         <marc:subfield code="a">sportovkyně</marc:subfield>
      </marc:datafield>
      <marc:datafield tag="R06" ind1=" " ind2=" ">
         <marc:subfield code="a">běžkyně</marc:subfield>
      </marc:datafield>
      <marc:datafield tag="R06" ind1=" " ind2=" ">
         <marc:subfield code="a">spisovatelky</marc:subfield>
      </marc:datafield>
      <marc:datafield tag="R07" ind1=" " ind2=" ">
         <marc:subfield code="a">Sportovkyně, běžkyně a spisovatelka ze Stříbra. Autorka knih Když se dáma rozběhne, Deník běžkyně v nejlepších letech a Běh života s úsměvem.</marc:subfield>
      </marc:datafield>
      <marc:datafield tag="670" ind1=" " ind2=" ">
         <marc:subfield code="a">Součková, Zuzana. V knize poukazuji, že věk je jen číslo : rozhovor. [Zapsala] Martina Sihelská. Tachovský deník, [23], 2014, 26.XI., č. 276, s. 2. - 1 fot.</marc:subfield>
      </marc:datafield>
      <marc:datafield tag="670" ind1=" " ind2=" ">
         <marc:subfield code="a">Sihelská, Martina. Začala běhat, a tak o tom napsala knížku. Tachovský deník, [23], 2014, 8.XII., č. 286, s. 2.</marc:subfield>
      </marc:datafield>
      <marc:datafield tag="670" ind1=" " ind2=" ">
         <marc:subfield code="a">Součková, Zuzana a Alena Levá. Součková křtila další knihu o běhání. [Rozh. zapsala] Martina Sihelská. Tachovský deník, [25], 2016, 21.III., č. 68, s. 2. - 1 fot.</marc:subfield>
      </marc:datafield>
      <marc:datafield tag="670" ind1=" " ind2=" ">
         <marc:subfield code="a">Součková, Zuzana. Běžkyně povídala nejen o běhání. [Rozh. zapsala] Martina Sihelská. Tachovský deník, [25], 2016, 21.IV., č. 93, s. 2. - 1 fot.</marc:subfield>
      </marc:datafield>
      <marc:datafield tag="670" ind1=" " ind2=" ">
         <marc:subfield code="a">Součková, Zuzana, Hana Merglová a Irena Brožíková. Součková vyprávěla v Černošíně. [Rozh. zapsala] Martina Sihelská. Tachovský deník, [25], 2016, 22.IV., č. 94, s. 10. - 7 fot.</marc:subfield>
      </marc:datafield>
      <marc:datafield tag="670" ind1=" " ind2=" ">
         <marc:subfield code="a">Součková, Zuzana. Běhá životem s úsměvem, teď pokřtí už třetí knihu. [Rozh. zapsala] Martina Sihelská. Tachovský deník, [27], 2018, 11.IV., č. 84, s. 2. - 1 fot.</marc:subfield>
      </marc:datafield>
      <marc:datafield tag="678" ind1="0" ind2=" ">
         <marc:subfield code="a">Narodila se v roce 1962. Běžkyně. Publikace z oboru.</marc:subfield>
      </marc:datafield>
      <marc:datafield tag="909" ind1=" " ind2=" ">
         <marc:subfield code="a">CZ</marc:subfield>
      </marc:datafield>
      <marc:datafield tag="IST" ind1=" " ind2=" ">
         <marc:subfield code="a">sa20170518</marc:subfield>
         <marc:subfield code="b">ba</marc:subfield>
      </marc:datafield>
      <marc:datafield tag="KDN" ind1=" " ind2=" ">
         <marc:subfield code="a">19620000</marc:subfield>
      </marc:datafield>
      <marc:leader>-----nz--a22-----n--4500</marc:leader>
   </marc:record>