
   <marc:record>
      <marc:controlfield tag="001">000007608</marc:controlfield>
      <marc:controlfield tag="003">CZ-PlERL</marc:controlfield>
      <marc:controlfield tag="005">20190909132921.0</marc:controlfield>
      <marc:controlfield tag="008">170616-n-acnnnaabn-----------n-a-a------</marc:controlfield>
      <marc:datafield tag="040" ind1=" " ind2=" ">
         <marc:subfield code="a">PNA001</marc:subfield>
         <marc:subfield code="b">cze</marc:subfield>
      </marc:datafield>
      <marc:datafield tag="100" ind1="1" ind2=" ">
         <marc:subfield code="a">Chovanec, Milan,</marc:subfield>
         <marc:subfield code="d">1970-</marc:subfield>
         <marc:subfield code="7">xx0147311</marc:subfield>
      </marc:datafield>
      <marc:datafield tag="R02" ind1=" " ind2=" ">
         <marc:subfield code="o">Plzeň-město</marc:subfield>
         <marc:subfield code="m">Plzeň</marc:subfield>
      </marc:datafield>
      <marc:datafield tag="R04" ind1=" " ind2=" ">
         <marc:subfield code="a">Politika</marc:subfield>
      </marc:datafield>
      <marc:datafield tag="R05" ind1=" " ind2=" ">
         <marc:subfield code="o">Plzeň-město</marc:subfield>
         <marc:subfield code="m">Plzeň</marc:subfield>
      </marc:datafield>
      <marc:datafield tag="R05" ind1=" " ind2=" ">
         <marc:subfield code="o">Praha</marc:subfield>
         <marc:subfield code="m">Praha</marc:subfield>
      </marc:datafield>
      <marc:datafield tag="R06" ind1=" " ind2=" ">
         <marc:subfield code="a">politici</marc:subfield>
      </marc:datafield>
      <marc:datafield tag="R06" ind1=" " ind2=" ">
         <marc:subfield code="a">krajští hejtmani</marc:subfield>
      </marc:datafield>
      <marc:datafield tag="R06" ind1=" " ind2=" ">
         <marc:subfield code="a">ministři vnitra</marc:subfield>
      </marc:datafield>
      <marc:datafield tag="R07" ind1=" " ind2=" ">
         <marc:subfield code="a">Politik, krajský hejtman, místopředseda a předseda ČSSD (2017), ministr vnitra.</marc:subfield>
      </marc:datafield>
      <marc:datafield tag="670" ind1=" " ind2=" ">
         <marc:subfield code="a">Chovanec, Milan. Milan Chovanec: Vše nelze změnit mávnutím kouzelného proutku. [Rozhovor]. Plzeňský kraj, 12, 2014, č. 5, s. 13. - 1 fot.</marc:subfield>
      </marc:datafield>
      <marc:datafield tag="670" ind1=" " ind2=" ">
         <marc:subfield code="a">Chovanec, Milan. Dvě otázky pro ministra vnitra Milana Chovance. [Rozhovor]. Plzeňský kraj, 12, 2014, č. 8, s. 6. - 1 fot.</marc:subfield>
      </marc:datafield>
      <marc:datafield tag="670" ind1=" " ind2=" ">
         <marc:subfield code="a">Chovanec, Milan. Stát byl pro mnohé dojnou krávou, to musí skončit. [Rozh. zaps.] Kateřina Perknerová. Plzeňský deník, [24], 2015, 17.X., č. 243, příl. Události, s. 11, 12. - 2 fot.</marc:subfield>
      </marc:datafield>
      <marc:datafield tag="670" ind1=" " ind2=" ">
         <marc:subfield code="a">Chovanec, Milan. Spojení s Kalouskem? jen v případě války. [Rozh. zaps.] Kateřina Perknerová. Plzeňský deník, [25], 2016, 12.III., č. 61, příl. Události, s. 11, 12. - 2 fot.</marc:subfield>
      </marc:datafield>
      <marc:datafield tag="670" ind1=" " ind2=" ">
         <marc:subfield code="a">Chovanec, Milan. Doufám, že si ČSSD sama nepostřelí koleno. [Rozh. zaps.] Kateřina Perknerová. Plzeňský deník, [26], 2017, 4.III., č. 54, s. 18, 19. - 3 fot.</marc:subfield>
      </marc:datafield>
      <marc:datafield tag="670" ind1=" " ind2=" ">
         <marc:subfield code="a">Ministr vnitra Chovanec zůstává šéfem ČSSD v kraji. Mladá fronta Dnes : plzeňské vydání, 28, 2017, 14.I., č. 12, s. 14.</marc:subfield>
      </marc:datafield>
      <marc:datafield tag="670" ind1=" " ind2=" ">
         <marc:subfield code="a">Chovanec, Milan. Milan Chovanec: Nechci se ve vládě třást, kdy to Andrej Babiš vypne. [Rozhovor]. Plzeňský deník, [27], 2018, 3.II., č. 29, s. 12-13. - 3 fot.</marc:subfield>
      </marc:datafield>
      <marc:datafield tag="670" ind1=" " ind2=" ">
         <marc:subfield code="a">Chovanec, Milan. O lepší výsledek se ještě popereme. [Rozh. zapsal] Jaroslav Nedvěd. Mladá fronta Dnes : plzeňské vydání, 28, 2017, 9.X., č. 234, s. 14. - 1 fot.</marc:subfield>
      </marc:datafield>
      <marc:datafield tag="670" ind1=" " ind2=" ">
         <marc:subfield code="a">Chovanec, Milan. Milan Chovanec: "Jsem tady pořád doma". [Rozhovor]. Plzeňský kraj, 14, 2016, č. 2, s. 7. - 1 fot.</marc:subfield>
      </marc:datafield>
      <marc:datafield tag="670" ind1=" " ind2=" ">
         <marc:subfield code="a">Nedvěd, Jaroslav. Po letech cesty vzhůru přišel pád téměř na dno : kariéra Milana Chovance odráží vývoj české politiky posledních desetiletí. Mladá fronda Dnes : plzeňské vydání, 28, 2017, 23.X., č. 246, s. 13. - 2 fot.</marc:subfield>
      </marc:datafield>
      <marc:datafield tag="670" ind1=" " ind2=" ">
         <marc:subfield code="a">(čtk). Exministr Chovanec odchází ze sněmovny. Plzeňský deník, [28], 2019, 14.I., č. 11, s. 4. - 1 fot.</marc:subfield>
      </marc:datafield>
      <marc:datafield tag="670" ind1=" " ind2=" ">
         <marc:subfield code="a">Chovanec, Milan. Záchrana ČSSD jsem jenom já. [Rozh. zapsal] Vojtěch Srnka. Mladá fronda Dnes : plzeňské vydání, 29, 2018, 3.II., č. 28, s. 2. - 3 fot.</marc:subfield>
      </marc:datafield>
      <marc:datafield tag="670" ind1=" " ind2=" ">
         <marc:subfield code="a">Chovanec, Milan. Nemám ambici být zvolen, říká Milan Chovanec. [Rozh. zapsal] Petr Kolář. Mladá fronda Dnes : plzeňské vydání, 29, 2018, 21.IX., č. 220, s. 2. - 2 fot.</marc:subfield>
      </marc:datafield>
      <marc:datafield tag="678" ind1="0" ind2=" ">
         <marc:subfield code="a">Narozen 31.1.1970 v Plzni. Politik.</marc:subfield>
      </marc:datafield>
      <marc:datafield tag="909" ind1=" " ind2=" ">
         <marc:subfield code="a">CZ</marc:subfield>
      </marc:datafield>
      <marc:datafield tag="IST" ind1=" " ind2=" ">
         <marc:subfield code="a">sa20170616</marc:subfield>
         <marc:subfield code="b">jw</marc:subfield>
      </marc:datafield>
      <marc:datafield tag="KDN" ind1=" " ind2=" ">
         <marc:subfield code="a">19700131</marc:subfield>
      </marc:datafield>
      <marc:leader>-----nz--a22-----n--4500</marc:leader>
   </marc:record>