
   <marc:record>
      <marc:controlfield tag="001">000007617</marc:controlfield>
      <marc:controlfield tag="003">CZ-PlERL</marc:controlfield>
      <marc:controlfield tag="005">20190131090806.0</marc:controlfield>
      <marc:controlfield tag="008">170908-n-acnnnaabn-----------n-a-a------</marc:controlfield>
      <marc:datafield tag="040" ind1=" " ind2=" ">
         <marc:subfield code="a">PNA001</marc:subfield>
         <marc:subfield code="b">cze</marc:subfield>
      </marc:datafield>
      <marc:datafield tag="100" ind1="1" ind2=" ">
         <marc:subfield code="a">Pecháček, Otakar Method,</marc:subfield>
         <marc:subfield code="d">1901-</marc:subfield>
         <marc:subfield code="7">pna20181018557</marc:subfield>
      </marc:datafield>
      <marc:datafield tag="R02" ind1=" " ind2=" ">
         <marc:subfield code="o">Plzeň-jih</marc:subfield>
         <marc:subfield code="m">Přeštice</marc:subfield>
      </marc:datafield>
      <marc:datafield tag="R04" ind1=" " ind2=" ">
         <marc:subfield code="a">Katolická církev</marc:subfield>
      </marc:datafield>
      <marc:datafield tag="R04" ind1=" " ind2=" ">
         <marc:subfield code="a">Řeholní řády</marc:subfield>
      </marc:datafield>
      <marc:datafield tag="R04" ind1=" " ind2=" ">
         <marc:subfield code="a">Orientalistika</marc:subfield>
      </marc:datafield>
      <marc:datafield tag="R04" ind1=" " ind2=" ">
         <marc:subfield code="a">Vysoké školy</marc:subfield>
      </marc:datafield>
      <marc:datafield tag="R05" ind1=" " ind2=" ">
         <marc:subfield code="o">Praha</marc:subfield>
         <marc:subfield code="m">Praha</marc:subfield>
      </marc:datafield>
      <marc:datafield tag="R05" ind1=" " ind2=" ">
         <marc:subfield code="o">Egypt</marc:subfield>
         <marc:subfield code="m">Káhira</marc:subfield>
      </marc:datafield>
      <marc:datafield tag="R06" ind1=" " ind2=" ">
         <marc:subfield code="a">orientalisté</marc:subfield>
      </marc:datafield>
      <marc:datafield tag="R06" ind1=" " ind2=" ">
         <marc:subfield code="a">mniši</marc:subfield>
      </marc:datafield>
      <marc:datafield tag="R06" ind1=" " ind2=" ">
         <marc:subfield code="a">řeholníci</marc:subfield>
      </marc:datafield>
      <marc:datafield tag="R06" ind1=" " ind2=" ">
         <marc:subfield code="a">katoličtí kněží</marc:subfield>
      </marc:datafield>
      <marc:datafield tag="R06" ind1=" " ind2=" ">
         <marc:subfield code="a">katoličtí duchovní</marc:subfield>
      </marc:datafield>
      <marc:datafield tag="R06" ind1=" " ind2=" ">
         <marc:subfield code="a">vysokoškolští učitelé</marc:subfield>
      </marc:datafield>
      <marc:datafield tag="R07" ind1=" " ind2=" ">
         <marc:subfield code="a">Rodák z Přeštic, orientalista, řeholník a katolický duchovní, vnuk plzeňského purkmistra Františka Pecháčka. V r. 1926 vstoupil do benediktinském kláštera v Břevnově, kde přijal řeholní jméno Metoděj a r. 1930 byl vysvěcen na kněze. Současně studoval na Karlově univerzitě orientální jazyky. Po onemocnění tuberkulózou mu bylo představenými povoleno dlouhodobé léčení v Egyptě, kam odjel r. 1931. Zde se vedle léčby věnoval také orientalistickým studiím a udržoval písemný kontakt s profesorem Bedřichem Hrozným. Vyučoval také český jazyk na káhirské univerzitě. Do Československa se již nevrátil.</marc:subfield>
      </marc:datafield>
      <marc:datafield tag="670" ind1=" " ind2=" ">
         <marc:subfield code="a">Velhartická, Šárka. Galerie pozapomenutých osobností : přeštický rodák orientalista Otakar Method Pecháček. Pod Zelenou Horou : vlastivědný sborník jižního Plzeňska, 20 (32), 2017, č. 3, s. 1-7. - 1 fot.</marc:subfield>
      </marc:datafield>
      <marc:datafield tag="678" ind1="0" ind2=" ">
         <marc:subfield code="a">Narozen 29. 3. 1901 v Přešticích. Orientalista, řeholník a katolický duchovní, od roku 1931 působil v Egyptě jako učitel češtiny na káhirské univerzitě.</marc:subfield>
      </marc:datafield>
      <marc:datafield tag="909" ind1=" " ind2=" ">
         <marc:subfield code="a">CZ</marc:subfield>
      </marc:datafield>
      <marc:datafield tag="IST" ind1=" " ind2=" ">
         <marc:subfield code="a">sa20170908</marc:subfield>
         <marc:subfield code="b">ba</marc:subfield>
      </marc:datafield>
      <marc:datafield tag="KDN" ind1=" " ind2=" ">
         <marc:subfield code="a">19010329</marc:subfield>
      </marc:datafield>
      <marc:leader>-----nz--a22-----n--4500</marc:leader>
   </marc:record>