
   <marc:record>
      <marc:controlfield tag="001">000007618</marc:controlfield>
      <marc:controlfield tag="003">CZ-PlERL</marc:controlfield>
      <marc:controlfield tag="005">20181204122542.0</marc:controlfield>
      <marc:controlfield tag="008">170913-n-acnnnaabn-----------n-a-a------</marc:controlfield>
      <marc:datafield tag="040" ind1=" " ind2=" ">
         <marc:subfield code="a">PNA001</marc:subfield>
         <marc:subfield code="b">cze</marc:subfield>
      </marc:datafield>
      <marc:datafield tag="100" ind1="1" ind2=" ">
         <marc:subfield code="a">Šlajs, Václav,</marc:subfield>
         <marc:subfield code="d">1952-</marc:subfield>
         <marc:subfield code="7">xx0168265</marc:subfield>
      </marc:datafield>
      <marc:datafield tag="R02" ind1=" " ind2=" ">
         <marc:subfield code="o">Plzeň-město</marc:subfield>
         <marc:subfield code="m">Plzeň</marc:subfield>
      </marc:datafield>
      <marc:datafield tag="R04" ind1=" " ind2=" ">
         <marc:subfield code="a">Regionální politika</marc:subfield>
      </marc:datafield>
      <marc:datafield tag="R04" ind1=" " ind2=" ">
         <marc:subfield code="a">Kraje</marc:subfield>
      </marc:datafield>
      <marc:datafield tag="R05" ind1=" " ind2=" ">
         <marc:subfield code="o">Plzeň-město</marc:subfield>
         <marc:subfield code="m">Plzeň</marc:subfield>
      </marc:datafield>
      <marc:datafield tag="R06" ind1=" " ind2=" ">
         <marc:subfield code="a">regionální politici</marc:subfield>
      </marc:datafield>
      <marc:datafield tag="R06" ind1=" " ind2=" ">
         <marc:subfield code="a">krajští hejtmani</marc:subfield>
      </marc:datafield>
      <marc:datafield tag="R07" ind1=" " ind2=" ">
         <marc:subfield code="a">Regionální politik, krajský hejtman Plzeňského kraje v letech 2014-2016.</marc:subfield>
      </marc:datafield>
      <marc:datafield tag="670" ind1=" " ind2=" ">
         <marc:subfield code="a">Šlajs, Václav. Kraj má na čem stavět, říká nový hejtman Václav Šlajs. [Rozhovor]. Plzeňský kraj, 12, 2014, č. 2, s. 6. - 1 fot.</marc:subfield>
      </marc:datafield>
      <marc:datafield tag="670" ind1=" " ind2=" ">
         <marc:subfield code="a">Šlajs, Václav. Cítím velkou odpovědnost, říká hejtman Plzeňského kraje Václav Šlajs. [Rozhovor]. Plzeňský kraj, 12, 2014, č. 4, s. 6-7. - 1 fot., 1 graf</marc:subfield>
      </marc:datafield>
      <marc:datafield tag="670" ind1=" " ind2=" ">
         <marc:subfield code="a">Šlajs, Václav. Jsem na náš kraj hrdý, říká hejtman Václav Šlajs. [Rozhovor]. Plzeňský kraj, 12, 2014, č. 7, s. 6. - 1 fot.</marc:subfield>
      </marc:datafield>
      <marc:datafield tag="670" ind1=" " ind2=" ">
         <marc:subfield code="a">Šlajs, Václav. Jsem rád, že jsme nejlepší kraj! říká hejtman Václav Šlajs. [Rozhovor]. Plzeňský kraj, 12, 2014, č. 11, s. 5. - 2 fot.</marc:subfield>
      </marc:datafield>
      <marc:datafield tag="670" ind1=" " ind2=" ">
         <marc:subfield code="a">Šlajs, Václav. Doufal jsem, že v kraji ANO porazíme. [Rozh. zapsal] Jaroslav Nedvěd. Mladá fronta Dnes : plzeňské vydání, 27, 2016, 22.X., č. 248, s. 18. - 1 fot.</marc:subfield>
      </marc:datafield>
      <marc:datafield tag="670" ind1=" " ind2=" ">
         <marc:subfield code="a">Šlajs, Václav. Kraji se daří, a to je dobře, říká hejtman Václav Šlajs. [Rozhovor]. Plzeňský kraj, 13, 2015, č. 7, s. 7. - 1 fot.</marc:subfield>
      </marc:datafield>
      <marc:datafield tag="670" ind1=" " ind2=" ">
         <marc:subfield code="a">Šlajs, Václav. Kraj je úspěšný, bez afér a skandálů, říká hejtman Plzeňského kraje Václav Šlajs (ČSSD). [Rozhovor]. Plzeňský kraj, 14, 2016, č. 1, s. 7. - 1 fot.</marc:subfield>
      </marc:datafield>
      <marc:datafield tag="670" ind1=" " ind2=" ">
         <marc:subfield code="a">Šlajs, Václav. Bylo mi ctí stát v čele kraje, říká končící hejtman Plzeňského kraje Václav Šlajs (ČSSD). [Rozhovor]. Plzeňský kraj, 14, 2016, č. 9, s. 6. - 1 fot.</marc:subfield>
      </marc:datafield>
      <marc:datafield tag="678" ind1="0" ind2=" ">
         <marc:subfield code="a">Narozen 7. 8. 1952 v Plzni. Politik.</marc:subfield>
      </marc:datafield>
      <marc:datafield tag="909" ind1=" " ind2=" ">
         <marc:subfield code="a">CZ</marc:subfield>
      </marc:datafield>
      <marc:datafield tag="IST" ind1=" " ind2=" ">
         <marc:subfield code="a">sa20170913</marc:subfield>
         <marc:subfield code="b">ba</marc:subfield>
      </marc:datafield>
      <marc:datafield tag="KDN" ind1=" " ind2=" ">
         <marc:subfield code="a">19520807</marc:subfield>
      </marc:datafield>
      <marc:leader>-----nz--a22-----n--4500</marc:leader>
   </marc:record>