
   <marc:record>
      <marc:controlfield tag="001">000007623</marc:controlfield>
      <marc:controlfield tag="003">CZ-PlERL</marc:controlfield>
      <marc:controlfield tag="005">20180110152750.0</marc:controlfield>
      <marc:controlfield tag="008">171012-n-acnnnaabn-----------n-a-a------</marc:controlfield>
      <marc:datafield tag="040" ind1=" " ind2=" ">
         <marc:subfield code="a">PNA001</marc:subfield>
         <marc:subfield code="b">cze</marc:subfield>
      </marc:datafield>
      <marc:datafield tag="100" ind1="1" ind2=" ">
         <marc:subfield code="a">Struska, Vladimír,</marc:subfield>
         <marc:subfield code="d">1925-2000</marc:subfield>
         <marc:subfield code="7">jo2005267742</marc:subfield>
      </marc:datafield>
      <marc:datafield tag="R02" ind1=" " ind2=" ">
         <marc:subfield code="o">Plzeň-sever</marc:subfield>
         <marc:subfield code="m">Kralovice</marc:subfield>
      </marc:datafield>
      <marc:datafield tag="R04" ind1=" " ind2=" ">
         <marc:subfield code="a">Protikomunistický odboj</marc:subfield>
      </marc:datafield>
      <marc:datafield tag="R04" ind1=" " ind2=" ">
         <marc:subfield code="a">Filozofie</marc:subfield>
      </marc:datafield>
      <marc:datafield tag="R04" ind1=" " ind2=" ">
         <marc:subfield code="a">Politika</marc:subfield>
      </marc:datafield>
      <marc:datafield tag="R05" ind1=" " ind2=" ">
         <marc:subfield code="o">Příbram</marc:subfield>
         <marc:subfield code="m">Příbram</marc:subfield>
      </marc:datafield>
      <marc:datafield tag="R05" ind1=" " ind2=" ">
         <marc:subfield code="o">Praha</marc:subfield>
         <marc:subfield code="m">Praha</marc:subfield>
      </marc:datafield>
      <marc:datafield tag="R05" ind1=" " ind2=" ">
         <marc:subfield code="o">Praha-východ</marc:subfield>
         <marc:subfield code="m">Úvaly</marc:subfield>
      </marc:datafield>
      <marc:datafield tag="R06" ind1=" " ind2=" ">
         <marc:subfield code="a">političtí vězni</marc:subfield>
      </marc:datafield>
      <marc:datafield tag="R06" ind1=" " ind2=" ">
         <marc:subfield code="a">filozofové</marc:subfield>
      </marc:datafield>
      <marc:datafield tag="R06" ind1=" " ind2=" ">
         <marc:subfield code="a">oběti komunismu</marc:subfield>
      </marc:datafield>
      <marc:datafield tag="R06" ind1=" " ind2=" ">
         <marc:subfield code="a">publicisté</marc:subfield>
      </marc:datafield>
      <marc:datafield tag="R06" ind1=" " ind2=" ">
         <marc:subfield code="a">politici</marc:subfield>
      </marc:datafield>
      <marc:datafield tag="R07" ind1=" " ind2=" ">
         <marc:subfield code="a">Filozof, bojovník za lidská práva, politický vězeň v 50. letech a účastník protikomunistického odboje, syn spisovatele a dramatika Bohumíra Strusky. Narodil se v Kralovicích, později se s rodiči odstěhoval do Sedlčan a pak do Příbrami. Po studiích na příbramském gymnáziu byl totálně nasazen a zapojil se do protifašistického odboje. Po skončení války začal studovat filozofii na Karlově univerzitě v Praze. Komunistický převrat v únoru 1948 odmítl a zapojil se do konspirace proti vládnoucímu režimu. Skupina však byla rychle odhalena a Struska byl 4. března 1949 zatčen Státní bezpečností. Po brutálních výsleších byl odsouzen k doživotnímu vězení a prošel řadou věznic a pracovních táborů. Byl propuštěn po amnestii v r. 1960 a spolu se svou snoubenkou se usadili v Úvalech u Prahy. Pracoval poté v technických profesích, v r. 1968 se angažoval v klubu politických vězňů K 231. Po r. 1989 vstoupil do politiky jako člen ODS a věnoval se také publicistice.</marc:subfield>
      </marc:datafield>
      <marc:datafield tag="670" ind1=" " ind2=" ">
         <marc:subfield code="a">Lovčí, Radovan. Vladimír Struska - účastník třetího odboje : na pokračování. Vlastivědný sborník, 27, 2017, č. 3, s. 13-19. - 2 fot.</marc:subfield>
      </marc:datafield>
      <marc:datafield tag="670" ind1=" " ind2=" ">
         <marc:subfield code="a">Lovčí, Radovan. Vladimír Struska - účastník třetího odboje : dokončení z minulého čísla. Vlastivědný sborník, 27, 2017, č. 4, s. 11-16. - 1 fot.</marc:subfield>
      </marc:datafield>
      <marc:datafield tag="678" ind1="0" ind2=" ">
         <marc:subfield code="a">Narozen 26.3.1925 v Kralovicích, zemřel 3.12.2000. PhDr., filozof, bojovník za lidská práva, publikoval texty z období komunistické represe.</marc:subfield>
      </marc:datafield>
      <marc:datafield tag="909" ind1=" " ind2=" ">
         <marc:subfield code="a">CZ</marc:subfield>
      </marc:datafield>
      <marc:datafield tag="IST" ind1=" " ind2=" ">
         <marc:subfield code="a">sa20171012</marc:subfield>
         <marc:subfield code="b">ba</marc:subfield>
      </marc:datafield>
      <marc:datafield tag="KDN" ind1=" " ind2=" ">
         <marc:subfield code="a">19250326</marc:subfield>
      </marc:datafield>
      <marc:datafield tag="KDU" ind1=" " ind2=" ">
         <marc:subfield code="a">20001203</marc:subfield>
      </marc:datafield>
      <marc:leader>-----nz--a22-----n--4500</marc:leader>
   </marc:record>