
   <marc:record>
      <marc:controlfield tag="001">000007627</marc:controlfield>
      <marc:controlfield tag="003">CZ-PlERL</marc:controlfield>
      <marc:controlfield tag="005">20181003145418.0</marc:controlfield>
      <marc:controlfield tag="008">171109-n-acnnnaabn-----------n-a-a------</marc:controlfield>
      <marc:datafield tag="040" ind1=" " ind2=" ">
         <marc:subfield code="a">PNA001</marc:subfield>
         <marc:subfield code="b">cze</marc:subfield>
      </marc:datafield>
      <marc:datafield tag="100" ind1="1" ind2=" ">
         <marc:subfield code="a">Cerny, Roman,</marc:subfield>
         <marc:subfield code="d">1964-</marc:subfield>
         <marc:subfield code="7">jx20090304010</marc:subfield>
      </marc:datafield>
      <marc:datafield tag="R02" ind1=" " ind2=" ">
         <marc:subfield code="o">Prachatice</marc:subfield>
         <marc:subfield code="m">Prachatice</marc:subfield>
      </marc:datafield>
      <marc:datafield tag="R04" ind1=" " ind2=" ">
         <marc:subfield code="a">Fotografování</marc:subfield>
      </marc:datafield>
      <marc:datafield tag="R04" ind1=" " ind2=" ">
         <marc:subfield code="a">Disent</marc:subfield>
      </marc:datafield>
      <marc:datafield tag="R05" ind1=" " ind2=" ">
         <marc:subfield code="o">Klatovy</marc:subfield>
         <marc:subfield code="m">Sušice</marc:subfield>
      </marc:datafield>
      <marc:datafield tag="R05" ind1=" " ind2=" ">
         <marc:subfield code="o">Praha</marc:subfield>
         <marc:subfield code="m">Praha</marc:subfield>
      </marc:datafield>
      <marc:datafield tag="R05" ind1=" " ind2=" ">
         <marc:subfield code="o">Strakonice</marc:subfield>
         <marc:subfield code="m">Strakonice</marc:subfield>
      </marc:datafield>
      <marc:datafield tag="R05" ind1=" " ind2=" ">
         <marc:subfield code="o">Austrálie</marc:subfield>
         <marc:subfield code="m">Sydney</marc:subfield>
      </marc:datafield>
      <marc:datafield tag="R05" ind1=" " ind2=" ">
         <marc:subfield code="o">Rakousko</marc:subfield>
         <marc:subfield code="m">Vídeň</marc:subfield>
      </marc:datafield>
      <marc:datafield tag="R05" ind1=" " ind2=" ">
         <marc:subfield code="o">Německo</marc:subfield>
         <marc:subfield code="m">Berlín</marc:subfield>
      </marc:datafield>
      <marc:datafield tag="R06" ind1=" " ind2=" ">
         <marc:subfield code="a">fotografové</marc:subfield>
      </marc:datafield>
      <marc:datafield tag="R06" ind1=" " ind2=" ">
         <marc:subfield code="a">disidenti</marc:subfield>
      </marc:datafield>
      <marc:datafield tag="R07" ind1=" " ind2=" ">
         <marc:subfield code="a">Fotograf, disident. Pochází z Prachatic, ale dětství a mládí prožil v Sušici, kde se stal jeho otec ředitelem nemocnice. Pochází z protirežimně smýšlející rodiny a kvůli kontaktům s disidenty se již v 16 letech poprvé ocitl na výslechu Státní bezpečnosti. Vystudoval Střední průmyslovou školu ve Strakonicích, ale vzhledem ke špatnému kádrovému profilu nemohl pokračovat ve studiu na vysoké škole. Pracoval pak jako topič v kotelně a v r. 1984 byl z Československa vystěhován v rámci akce Asanace. Po ročním pobytu ve Vídni odešel do Austrálie, kde v Sydney studoval na fotografické škole a začal pracovat jako fotograf. Jako fotograf cestoval po celém světě a po r. 1989 jezdil stále častěji i do České republiky. V r. 2002 získal zpět české občanství a vrátil se natrvalo.</marc:subfield>
      </marc:datafield>
      <marc:datafield tag="670" ind1=" " ind2=" ">
         <marc:subfield code="a">Čech, Přemysl. Rebel. In: Šumaváci. V Plzni : RegionAll, 2017. S. 21-26. - 6 fot.</marc:subfield>
      </marc:datafield>
      <marc:datafield tag="678" ind1="0" ind2=" ">
         <marc:subfield code="a">Narozen roku 1964. Fotograf. V roce 1983 emigroval do Austrálie, od roku 2002 žije a pracuje v Praze.</marc:subfield>
      </marc:datafield>
      <marc:datafield tag="909" ind1=" " ind2=" ">
         <marc:subfield code="a">CZ</marc:subfield>
      </marc:datafield>
      <marc:datafield tag="IST" ind1=" " ind2=" ">
         <marc:subfield code="a">sa20171109</marc:subfield>
         <marc:subfield code="b">ba</marc:subfield>
      </marc:datafield>
      <marc:datafield tag="KDN" ind1=" " ind2=" ">
         <marc:subfield code="a">19640322</marc:subfield>
      </marc:datafield>
      <marc:leader>-----nz--a22-----n--4500</marc:leader>
   </marc:record>