
   <marc:record>
      <marc:controlfield tag="001">000007632</marc:controlfield>
      <marc:controlfield tag="003">CZ-PlERL</marc:controlfield>
      <marc:controlfield tag="005">20190702084821.0</marc:controlfield>
      <marc:controlfield tag="008">171124-n-acnnnaabn-----------n-a-a------</marc:controlfield>
      <marc:datafield tag="040" ind1=" " ind2=" ">
         <marc:subfield code="a">PNA001</marc:subfield>
         <marc:subfield code="b">cze</marc:subfield>
      </marc:datafield>
      <marc:datafield tag="100" ind1="1" ind2=" ">
         <marc:subfield code="a">Řehula, Jan,</marc:subfield>
         <marc:subfield code="d">1973-</marc:subfield>
         <marc:subfield code="7">jo20000073611</marc:subfield>
      </marc:datafield>
      <marc:datafield tag="R02" ind1=" " ind2=" ">
         <marc:subfield code="o">Cheb</marc:subfield>
         <marc:subfield code="m">Cheb</marc:subfield>
      </marc:datafield>
      <marc:datafield tag="R04" ind1=" " ind2=" ">
         <marc:subfield code="a">Sport</marc:subfield>
      </marc:datafield>
      <marc:datafield tag="R05" ind1=" " ind2=" ">
         <marc:subfield code="o">Plzeň-město</marc:subfield>
         <marc:subfield code="m">Plzeň</marc:subfield>
      </marc:datafield>
      <marc:datafield tag="R06" ind1=" " ind2=" ">
         <marc:subfield code="a">sportovci</marc:subfield>
      </marc:datafield>
      <marc:datafield tag="R06" ind1=" " ind2=" ">
         <marc:subfield code="a">triatlonisté</marc:subfield>
      </marc:datafield>
      <marc:datafield tag="R07" ind1=" " ind2=" ">
         <marc:subfield code="a">Pedagog, triatlonista, bronzový medailista z Letních olympijských her 2001 v Sydney. V r. 2017 uveden do Síně slávy Plzeňského kraje.</marc:subfield>
      </marc:datafield>
      <marc:datafield tag="670" ind1=" " ind2=" ">
         <marc:subfield code="a">Korelus, Pavel. Dvorana slávy Plzeňského kraje, rok 2017. Plzeňský deník, [26], 2017, 20.IX., č. 219, s. 3. - 3 fot.</marc:subfield>
      </marc:datafield>
      <marc:datafield tag="670" ind1=" " ind2=" ">
         <marc:subfield code="a">Bernard, Josef. Olympionik učil, jak správně běhat. [Rozh. zaps.] Daniela Loudová. Týdeník Klatovska, 26, 2016, 06.IV., č. 14, s. 2.</marc:subfield>
      </marc:datafield>
      <marc:datafield tag="670" ind1=" " ind2=" ">
         <marc:subfield code="a">Nedvěd, Jaroslav. Bohdanová, Bukačová a Řehula ve Dvoraně slávy. Mladá fronta Dnes : plzeňské vydání, 28, 2017, 20.IX., č. 219, s. 14. - 1 fot.</marc:subfield>
      </marc:datafield>
      <marc:datafield tag="670" ind1=" " ind2=" ">
         <marc:subfield code="a">Bernard, Josef. Dvorana slávy je bohatší o tři osobnosti. [Rozhovor]. Plzeňský kraj, 15, 2017, č. 9, s. 15. - 1 fot.</marc:subfield>
      </marc:datafield>
      <marc:datafield tag="670" ind1=" " ind2=" ">
         <marc:subfield code="a">Řehula, Jan. Trénoval Korejce i Australany, pak se vrátil, aby vedl děti. [Rozh. zapsal] Roman Šperňák. Mladá fronta Dnes : plzeňské vydání, 29, 2018, 10.VII., č. 157, s. 18. - 1 fot.</marc:subfield>
      </marc:datafield>
      <marc:datafield tag="678" ind1="0" ind2=" ">
         <marc:subfield code="a">Narozen 15.11.1973 v Chebu. Pedagog, triatlonista.</marc:subfield>
      </marc:datafield>
      <marc:datafield tag="909" ind1=" " ind2=" ">
         <marc:subfield code="a">CZ</marc:subfield>
      </marc:datafield>
      <marc:datafield tag="IST" ind1=" " ind2=" ">
         <marc:subfield code="a">sa20171124</marc:subfield>
         <marc:subfield code="b">jw</marc:subfield>
      </marc:datafield>
      <marc:datafield tag="KDN" ind1=" " ind2=" ">
         <marc:subfield code="a">19731115</marc:subfield>
      </marc:datafield>
      <marc:leader>-----nz--a22-----n--4500</marc:leader>
   </marc:record>