
   <marc:record>
      <marc:controlfield tag="001">000007634</marc:controlfield>
      <marc:controlfield tag="003">CZ-PlERL</marc:controlfield>
      <marc:controlfield tag="005">20190321100005.0</marc:controlfield>
      <marc:controlfield tag="008">171128-n-acnnnaabn-----------n-a-a------</marc:controlfield>
      <marc:datafield tag="040" ind1=" " ind2=" ">
         <marc:subfield code="a">PNA001</marc:subfield>
         <marc:subfield code="b">cze</marc:subfield>
      </marc:datafield>
      <marc:datafield tag="100" ind1="1" ind2=" ">
         <marc:subfield code="a">Beck-Loos, Claire,</marc:subfield>
         <marc:subfield code="d">1904-1942</marc:subfield>
         <marc:subfield code="7">osa2013779586</marc:subfield>
      </marc:datafield>
      <marc:datafield tag="R02" ind1=" " ind2=" ">
         <marc:subfield code="o">Plzeň-město</marc:subfield>
         <marc:subfield code="m">Plzeň</marc:subfield>
      </marc:datafield>
      <marc:datafield tag="R03" ind1=" " ind2=" ">
         <marc:subfield code="o">Lotyšsko</marc:subfield>
         <marc:subfield code="m">Riga</marc:subfield>
      </marc:datafield>
      <marc:datafield tag="R04" ind1=" " ind2=" ">
         <marc:subfield code="a">Literatura</marc:subfield>
      </marc:datafield>
      <marc:datafield tag="R04" ind1=" " ind2=" ">
         <marc:subfield code="a">Fotografie</marc:subfield>
      </marc:datafield>
      <marc:datafield tag="R05" ind1=" " ind2=" ">
         <marc:subfield code="o">Plzeň-město</marc:subfield>
         <marc:subfield code="m">Plzeň</marc:subfield>
      </marc:datafield>
      <marc:datafield tag="R06" ind1=" " ind2=" ">
         <marc:subfield code="a">spisovatelky</marc:subfield>
      </marc:datafield>
      <marc:datafield tag="R06" ind1=" " ind2=" ">
         <marc:subfield code="a">fotografky</marc:subfield>
      </marc:datafield>
      <marc:datafield tag="R07" ind1=" " ind2=" ">
         <marc:subfield code="a">Fografka, spisovatelka, manželka architekta Adolfa Loose.</marc:subfield>
      </marc:datafield>
      <marc:datafield tag="R10" ind1=" " ind2=" ">
         <marc:subfield code="a">Česká verze jejího jména je Klára Becková-Loosová.</marc:subfield>
      </marc:datafield>
      <marc:datafield tag="670" ind1=" " ind2=" ">
         <marc:subfield code="a">Růžička, David. Klára Becková-Loosová v Plzni zůstane. [Výstava. Rozh.] (tom). Plzeňský deník, [26], 2017, 7.IX., č. 208, s. 10</marc:subfield>
      </marc:datafield>
      <marc:datafield tag="670" ind1=" " ind2=" ">
         <marc:subfield code="a">Němcová, Barbora. Život poslední Loosovy manželky : výstava ve Staré synagoze v Plzni představuje Kláru Beckovou Loosovou. Mladá fronta Dnes : plzeňské vydání, 29, 2017, 6.VI., č. 130, s. 18. - 1 fot.</marc:subfield>
      </marc:datafield>
      <marc:datafield tag="670" ind1=" " ind2=" ">
         <marc:subfield code="a">Růžička, David. Klára Becková - Loosová : fotografka, spisovatelka, poslední žena Adolfa Loose. Vítaný host v Plzeňském kraji, 2018, č. 4, s. 18-19. - 6 fot.</marc:subfield>
      </marc:datafield>
      <marc:datafield tag="670" ind1=" " ind2=" ">
         <marc:subfield code="a">Růžička, David. Klára Becková - Loosová : fotografka, spisovatelka, poslední žena Adolfa Loose. Vítaný host v Plzeňském kraji, 2019, č. 1, s. 24-26. - 8 fot.</marc:subfield>
      </marc:datafield>
      <marc:datafield tag="678" ind1="0" ind2=" ">
         <marc:subfield code="a">Narodila se v r. 1904 v Plzni, zemřela v r. 1942 v koncentračním táboře (Riga, Lotyšsko). Fotografka, spisovatelka. Manželka československo-rakouského architekta Adolfa Loose. Autorka publikace o životě a díle A. Loose.</marc:subfield>
      </marc:datafield>
      <marc:datafield tag="909" ind1=" " ind2=" ">
         <marc:subfield code="a">CZ</marc:subfield>
      </marc:datafield>
      <marc:datafield tag="IST" ind1=" " ind2=" ">
         <marc:subfield code="a">sa20171128</marc:subfield>
         <marc:subfield code="b">jw</marc:subfield>
      </marc:datafield>
      <marc:datafield tag="KDN" ind1=" " ind2=" ">
         <marc:subfield code="a">19040000</marc:subfield>
      </marc:datafield>
      <marc:datafield tag="KDU" ind1=" " ind2=" ">
         <marc:subfield code="a">19420000</marc:subfield>
      </marc:datafield>
      <marc:leader>-----nz--a22-----n--4500</marc:leader>
   </marc:record>