
   <marc:record>
      <marc:controlfield tag="001">000007639</marc:controlfield>
      <marc:controlfield tag="003">CZ-PlERL</marc:controlfield>
      <marc:controlfield tag="005">20181123093408.0</marc:controlfield>
      <marc:controlfield tag="008">171219-n-acnnnaabn-----------n-a-a------</marc:controlfield>
      <marc:datafield tag="040" ind1=" " ind2=" ">
         <marc:subfield code="a">PNA001</marc:subfield>
         <marc:subfield code="b">cze</marc:subfield>
      </marc:datafield>
      <marc:datafield tag="100" ind1="1" ind2=" ">
         <marc:subfield code="a">Šesták, Jaroslav,</marc:subfield>
         <marc:subfield code="d">1938-</marc:subfield>
         <marc:subfield code="7">jk01122791</marc:subfield>
         <marc:subfield code="s">Prof., Ing., DrSc., dr.h.c.</marc:subfield>
      </marc:datafield>
      <marc:datafield tag="R02" ind1=" " ind2=" ">
         <marc:subfield code="o">Jablonec nad Nisou</marc:subfield>
         <marc:subfield code="m">Držkov</marc:subfield>
      </marc:datafield>
      <marc:datafield tag="R04" ind1=" " ind2=" ">
         <marc:subfield code="a">Vysoké školy</marc:subfield>
      </marc:datafield>
      <marc:datafield tag="R04" ind1=" " ind2=" ">
         <marc:subfield code="a">Fyzika. Mechanika</marc:subfield>
      </marc:datafield>
      <marc:datafield tag="R05" ind1=" " ind2=" ">
         <marc:subfield code="o">Plzeň-město</marc:subfield>
         <marc:subfield code="m">Plzeň</marc:subfield>
      </marc:datafield>
      <marc:datafield tag="R06" ind1=" " ind2=" ">
         <marc:subfield code="a">vysokoškolští učitelé</marc:subfield>
      </marc:datafield>
      <marc:datafield tag="R06" ind1=" " ind2=" ">
         <marc:subfield code="a">fyzikové</marc:subfield>
      </marc:datafield>
      <marc:datafield tag="R06" ind1=" " ind2=" ">
         <marc:subfield code="a">vědci</marc:subfield>
      </marc:datafield>
      <marc:datafield tag="R06" ind1=" " ind2=" ">
         <marc:subfield code="a">Medaile Za zásluhy (vyznamenání)</marc:subfield>
      </marc:datafield>
      <marc:datafield tag="R07" ind1=" " ind2=" ">
         <marc:subfield code="a">Vědecký pracovník a vysokoškolský pedagog z oblasti fyziky na ZČU v Plzni, v r. 2017 vyznamenán prezidentem republiky státním vyznamenáním Medaile Za zásluhy</marc:subfield>
      </marc:datafield>
      <marc:datafield tag="670" ind1=" " ind2=" ">
         <marc:subfield code="a">(pš), Vyznamenání i pro západ Čech. Plzeňský deník, [26], 2017, 30.X., č. 251, s. [1]</marc:subfield>
      </marc:datafield>
      <marc:datafield tag="670" ind1=" " ind2=" ">
         <marc:subfield code="a">Šesták, Jaroslav. Vyznamenaný profosor: Raději bych vyhrál ve Sportce, [Rozh. zapsala] Klára Mrázová. Plzeňský deník, [26], 2017, 2.XI., č. 254, s. 3. - 1 fot.</marc:subfield>
      </marc:datafield>
      <marc:datafield tag="670" ind1=" " ind2=" ">
         <marc:subfield code="a">(pro). Výstava Jaroslava Šestáka. Plzeňský deník, [27], 2018, 19.IX., č. 218, s. 2. -1 fot.</marc:subfield>
      </marc:datafield>
      <marc:datafield tag="670" ind1=" " ind2=" ">
         <marc:subfield code="a">(ban). Významného vědce za ZČU ocenil medailí prezident. Mladá fronta Dnes : plzeňské vydání, 28, 2017, 30.X. č. 251, s. 13. - 1 fot.</marc:subfield>
      </marc:datafield>
      <marc:datafield tag="678" ind1="0" ind2=" ">
         <marc:subfield code="a">Narozen 25.9.1938 v Držkově (Jablonec nad Nisou). Prof.,Ing., DrSc., dr.h.c., vědecký pracovník Fyzikálního ústavu Akademie Věd ČR zaměřený na termální fyziku a termodynamiku, působí též v Centru nových technologií a materiálů ZČU, fotograf.</marc:subfield>
      </marc:datafield>
      <marc:datafield tag="909" ind1=" " ind2=" ">
         <marc:subfield code="a">CZ</marc:subfield>
      </marc:datafield>
      <marc:datafield tag="IST" ind1=" " ind2=" ">
         <marc:subfield code="a">sa20171219</marc:subfield>
         <marc:subfield code="b">jw</marc:subfield>
      </marc:datafield>
      <marc:datafield tag="KDN" ind1=" " ind2=" ">
         <marc:subfield code="a">19380925</marc:subfield>
      </marc:datafield>
      <marc:leader>-----nz--a22-----n--4500</marc:leader>
   </marc:record>