
   <marc:record>
      <marc:controlfield tag="001">000007663</marc:controlfield>
      <marc:controlfield tag="003">CZ-PlERL</marc:controlfield>
      <marc:controlfield tag="005">20190709105430.0</marc:controlfield>
      <marc:controlfield tag="008">180118-n-acnnnaabn-----------n-a-a------</marc:controlfield>
      <marc:datafield tag="040" ind1=" " ind2=" ">
         <marc:subfield code="a">PNA001</marc:subfield>
         <marc:subfield code="b">cze</marc:subfield>
      </marc:datafield>
      <marc:datafield tag="100" ind1="1" ind2=" ">
         <marc:subfield code="a">Svoboda, Miroslav,</marc:subfield>
         <marc:subfield code="d">1962-</marc:subfield>
         <marc:subfield code="7">xx0145108</marc:subfield>
         <marc:subfield code="s">Mgr.</marc:subfield>
      </marc:datafield>
      <marc:datafield tag="R02" ind1=" " ind2=" ">
         <marc:subfield code="o">Jičín</marc:subfield>
         <marc:subfield code="m">Hořice</marc:subfield>
      </marc:datafield>
      <marc:datafield tag="R03" ind1=" " ind2=" ">
         <marc:subfield code="o">Plzeň-město</marc:subfield>
         <marc:subfield code="m">Plzeň</marc:subfield>
      </marc:datafield>
      <marc:datafield tag="R04" ind1=" " ind2=" ">
         <marc:subfield code="a">Nakladatelství</marc:subfield>
      </marc:datafield>
      <marc:datafield tag="R04" ind1=" " ind2=" ">
         <marc:subfield code="a">Sociální práce</marc:subfield>
      </marc:datafield>
      <marc:datafield tag="R06" ind1=" " ind2=" ">
         <marc:subfield code="a">nakladatelé</marc:subfield>
      </marc:datafield>
      <marc:datafield tag="R06" ind1=" " ind2=" ">
         <marc:subfield code="a">sociální pracovníci</marc:subfield>
      </marc:datafield>
      <marc:datafield tag="R07" ind1=" " ind2=" ">
         <marc:subfield code="a">Vydavatel samizdatové literatury, pracovník v sociálních službách. V 80. letech se podílel na vydávání a šíření samizdatu na Plzeňsku. V listopadu 1989 byl zakladatelem Občanského fóra, je spoluzakladatelem neziskové organizace Sdružení občanů Exodus. Provozuje chráněné dílny v Třemošné.</marc:subfield>
      </marc:datafield>
      <marc:datafield tag="670" ind1=" " ind2=" ">
         <marc:subfield code="a">(tom). Tajně vydával Skácela i Solženicyna. Plzeňský deník, [26], 2017, 18.XI., č. 267, s. 11. - 1 fot.</marc:subfield>
      </marc:datafield>
      <marc:datafield tag="670" ind1=" " ind2=" ">
         <marc:subfield code="a">Němcová, Barbora. Ocenění za boj proti nacismu a komunismu : osobnosti kraje převzaly Čestné plakety hejtmana Plzeňského kraje za odvážné občanské postoje. Mladá fronta Dnes : plzeňské vydání, 28, 2017, 18.XI., č. 267, s. 18. - 1 fot.</marc:subfield>
      </marc:datafield>
      <marc:datafield tag="670" ind1=" " ind2=" ">
         <marc:subfield code="a">Svoboda, Miroslav. Na dobré často zapomínáme. [Rozh. zapsal] Jaroslav Nedvěd. Mladá fronta Dnes : plzeňské vydání, 28, 2017, 25.XI., č. 273, s. 18. - 2 fot.</marc:subfield>
      </marc:datafield>
      <marc:datafield tag="670" ind1=" " ind2=" ">
         <marc:subfield code="a">Bernard, Josef. Hejtman ocenil občanské postoje. [Rozhovor]. Plzeňský kraj, 15, 2017, č. 11, s. 5. - 3 fot.</marc:subfield>
      </marc:datafield>
      <marc:datafield tag="678" ind1="0" ind2=" ">
         <marc:subfield code="a">Mgr., ředitel Domu Exodus a předseda Sdružení občanů Exodus, Třemošná. Publikace v oboru sociální práce.</marc:subfield>
      </marc:datafield>
      <marc:datafield tag="909" ind1=" " ind2=" ">
         <marc:subfield code="a">CZ</marc:subfield>
      </marc:datafield>
      <marc:datafield tag="IST" ind1=" " ind2=" ">
         <marc:subfield code="a">sa20180118</marc:subfield>
         <marc:subfield code="b">ib</marc:subfield>
      </marc:datafield>
      <marc:datafield tag="KDN" ind1=" " ind2=" ">
         <marc:subfield code="a">19620906</marc:subfield>
      </marc:datafield>
      <marc:leader>-----nz--a22-----n--4500</marc:leader>
   </marc:record>