
   <marc:record>
      <marc:controlfield tag="001">000007664</marc:controlfield>
      <marc:controlfield tag="003">CZ-PlERL</marc:controlfield>
      <marc:controlfield tag="005">20181001131309.0</marc:controlfield>
      <marc:controlfield tag="008">180118-n-acnnnaabn-----------n-a-a------</marc:controlfield>
      <marc:datafield tag="040" ind1=" " ind2=" ">
         <marc:subfield code="a">PNA001</marc:subfield>
         <marc:subfield code="b">cze</marc:subfield>
      </marc:datafield>
      <marc:datafield tag="100" ind1="1" ind2=" ">
         <marc:subfield code="a">Vuršrová, Klotylda,</marc:subfield>
         <marc:subfield code="d">1864-1932</marc:subfield>
         <marc:subfield code="7">xx0222510</marc:subfield>
      </marc:datafield>
      <marc:datafield tag="R02" ind1=" " ind2=" ">
         <marc:subfield code="o">Plzeň-jih</marc:subfield>
         <marc:subfield code="m">Těnovice</marc:subfield>
      </marc:datafield>
      <marc:datafield tag="R03" ind1=" " ind2=" ">
         <marc:subfield code="o">Pardubice</marc:subfield>
         <marc:subfield code="m">Pardubice</marc:subfield>
      </marc:datafield>
      <marc:datafield tag="R04" ind1=" " ind2=" ">
         <marc:subfield code="a">Ženské hnutí</marc:subfield>
      </marc:datafield>
      <marc:datafield tag="R04" ind1=" " ind2=" ">
         <marc:subfield code="a">Ženské spolky</marc:subfield>
      </marc:datafield>
      <marc:datafield tag="R04" ind1=" " ind2=" ">
         <marc:subfield code="a">Veřejný život</marc:subfield>
      </marc:datafield>
      <marc:datafield tag="R04" ind1=" " ind2=" ">
         <marc:subfield code="a">Společenský život</marc:subfield>
      </marc:datafield>
      <marc:datafield tag="R05" ind1=" " ind2=" ">
         <marc:subfield code="o">Plzeň-město</marc:subfield>
         <marc:subfield code="m">Plzeň</marc:subfield>
      </marc:datafield>
      <marc:datafield tag="R05" ind1=" " ind2=" ">
         <marc:subfield code="o">Domažlice</marc:subfield>
         <marc:subfield code="m">Česká Kubice</marc:subfield>
      </marc:datafield>
      <marc:datafield tag="R06" ind1=" " ind2=" ">
         <marc:subfield code="a">aktivní ženy</marc:subfield>
      </marc:datafield>
      <marc:datafield tag="R06" ind1=" " ind2=" ">
         <marc:subfield code="a">šachistky</marc:subfield>
      </marc:datafield>
      <marc:datafield tag="R06" ind1=" " ind2=" ">
         <marc:subfield code="a">publicistky</marc:subfield>
      </marc:datafield>
      <marc:datafield tag="R07" ind1=" " ind2=" ">
         <marc:subfield code="a">Jedna ze zakladatelek České jednoty paní a dívek v Plzni. Byla dcerou ředitele panství ve Spáleném Poříčí a do Plzně přišla z Prahy z vlasteneckého prostředí. Aktivně se díky pochopení svého manžela Františka Vuršra účastnila společenského a veřejného života, byla také členkou šachového klubu. Zasloužila se také o založení a rozvoj České jednoty paní a dívek v Plzni, ve které zastávala různé funkce a v letech 1895-1900 byla předsedkyní tohoto spolku. Byla také literárně činná a přispívala do Ženských listů. Aby s manželem posílili české aktivity v pohraničních oblastech, otevřeli v r. 1896 v České Kubici penzion Krásnohorská, který začali navštěvovat přední čeští umělci a spisovatelé té doby.</marc:subfield>
      </marc:datafield>
      <marc:datafield tag="670" ind1=" " ind2=" ">
         <marc:subfield code="a">Hudecová, Dagmar a Karel Řeháček. Plzeňské ženy : významné, zasloužilé i zajímavé : 1840-1939. Plzeň : Dimenze AZ, s.r.o., 2017. ISBN 978-80-270-0948-0.</marc:subfield>
      </marc:datafield>
      <marc:datafield tag="678" ind1="0" ind2=" ">
         <marc:subfield code="a">Jedna ze zakladatelek České jednoty paní a dívek v Plzni. Narozena 7.6.1864 v Těnovicích (okr. Plzeň-jih), zemřela 21.5.1932 v Pardubicích.</marc:subfield>
      </marc:datafield>
      <marc:datafield tag="909" ind1=" " ind2=" ">
         <marc:subfield code="a">CZ</marc:subfield>
      </marc:datafield>
      <marc:datafield tag="IST" ind1=" " ind2=" ">
         <marc:subfield code="a">sa20180118</marc:subfield>
         <marc:subfield code="b">ba</marc:subfield>
      </marc:datafield>
      <marc:datafield tag="KDN" ind1=" " ind2=" ">
         <marc:subfield code="a">18640607</marc:subfield>
      </marc:datafield>
      <marc:datafield tag="KDU" ind1=" " ind2=" ">
         <marc:subfield code="a">19320521</marc:subfield>
      </marc:datafield>
      <marc:leader>-----nz--a22-----n--4500</marc:leader>
   </marc:record>