
   <marc:record>
      <marc:controlfield tag="001">000007666</marc:controlfield>
      <marc:controlfield tag="003">CZ-PlERL</marc:controlfield>
      <marc:controlfield tag="005">20181024112657.0</marc:controlfield>
      <marc:controlfield tag="008">180129-n-acnnnaabn-----------n-a-a------</marc:controlfield>
      <marc:datafield tag="040" ind1=" " ind2=" ">
         <marc:subfield code="a">PNA001</marc:subfield>
         <marc:subfield code="b">cze</marc:subfield>
      </marc:datafield>
      <marc:datafield tag="100" ind1="1" ind2=" ">
         <marc:subfield code="a">Koryta, Filip,</marc:subfield>
         <marc:subfield code="d">1989-</marc:subfield>
         <marc:subfield code="7">jo2015858897</marc:subfield>
      </marc:datafield>
      <marc:datafield tag="R02" ind1=" " ind2=" ">
         <marc:subfield code="o">Sokolov</marc:subfield>
         <marc:subfield code="m">Kraslice</marc:subfield>
      </marc:datafield>
      <marc:datafield tag="R04" ind1=" " ind2=" ">
         <marc:subfield code="a">Poezie</marc:subfield>
      </marc:datafield>
      <marc:datafield tag="R05" ind1=" " ind2=" ">
         <marc:subfield code="o">Plzeň-město</marc:subfield>
         <marc:subfield code="m">Plzeň</marc:subfield>
      </marc:datafield>
      <marc:datafield tag="R06" ind1=" " ind2=" ">
         <marc:subfield code="a">básníci</marc:subfield>
      </marc:datafield>
      <marc:datafield tag="R06" ind1=" " ind2=" ">
         <marc:subfield code="a">hudebníci</marc:subfield>
      </marc:datafield>
      <marc:datafield tag="R07" ind1=" " ind2=" ">
         <marc:subfield code="a">Básník, hudebník, recitátor. Pochází ze Sokolova. Od r. 2010 žije v Plzni, kde studuje pedagogickou fakultu ZČU obor čeština a psychologie. Píše poezii a je úspěšný v soutěžích slam poetry.</marc:subfield>
      </marc:datafield>
      <marc:datafield tag="R10" ind1=" " ind2=" ">
         <marc:subfield code="a">vystupuje pod pseudonymem Dr. Filipitch.</marc:subfield>
      </marc:datafield>
      <marc:datafield tag="670" ind1=" " ind2=" ">
         <marc:subfield code="a">(mrak). Mistrovství ČR ve slam poetry ovládl Filip Koryta. Plzeňský deník, 26, 2017, 5.XII., č. 281, s. 1, 3. - 1 fot.</marc:subfield>
      </marc:datafield>
      <marc:datafield tag="670" ind1=" " ind2=" ">
         <marc:subfield code="a">Mistr republiky vydal knihu básní. [Recenze na sbírku Test tvojí trpělivosti]. Kultura : plzeňský kulturní přehled, 2018, květen, s. 7.</marc:subfield>
      </marc:datafield>
      <marc:datafield tag="670" ind1=" " ind2=" ">
         <marc:subfield code="a">(maš). Slam poetry znovu bavil, Dr. Filipitch &amp; spol. naplnili Papírnu. Plzeňský deník, [27], 2018, 20.IV., č. 92, s. 2.</marc:subfield>
      </marc:datafield>
      <marc:datafield tag="670" ind1=" " ind2=" ">
         <marc:subfield code="a">Koryta, Filip. Filip Koryta: Slam má terapeutické účinky. [Rozh. zapsal] Martin Šiška. Plzeňský deník, [27], 2018, 23.IV., č. 94, s. 3. - 1 fot.</marc:subfield>
      </marc:datafield>
      <marc:datafield tag="678" ind1="0" ind2=" ">
         <marc:subfield code="a">Narozen 2. 9. 1989 v Kraslicích. Zpěvák punkové skupiny Friday a později skupiny Glajstr Duo, autor básnické sbírky.</marc:subfield>
      </marc:datafield>
      <marc:datafield tag="909" ind1=" " ind2=" ">
         <marc:subfield code="a">CZ</marc:subfield>
      </marc:datafield>
      <marc:datafield tag="IST" ind1=" " ind2=" ">
         <marc:subfield code="a">sa20180129</marc:subfield>
         <marc:subfield code="b">ib</marc:subfield>
      </marc:datafield>
      <marc:datafield tag="KDN" ind1=" " ind2=" ">
         <marc:subfield code="a">19890902</marc:subfield>
      </marc:datafield>
      <marc:leader>-----nz--a22-----n--4500</marc:leader>
   </marc:record>