
   <marc:record>
      <marc:controlfield tag="001">000007667</marc:controlfield>
      <marc:controlfield tag="003">CZ-PlERL</marc:controlfield>
      <marc:controlfield tag="005">20190429110544.0</marc:controlfield>
      <marc:controlfield tag="008">180130-n-acnnnaabn-----------n-a-a------</marc:controlfield>
      <marc:datafield tag="040" ind1=" " ind2=" ">
         <marc:subfield code="a">PNA001</marc:subfield>
         <marc:subfield code="b">cze</marc:subfield>
      </marc:datafield>
      <marc:datafield tag="100" ind1="1" ind2=" ">
         <marc:subfield code="a">Němec, Bohumil,</marc:subfield>
         <marc:subfield code="d">1868-1931</marc:subfield>
         <marc:subfield code="7">pna20191030881</marc:subfield>
      </marc:datafield>
      <marc:datafield tag="R02" ind1=" " ind2=" ">
         <marc:subfield code="o">Plzeň-město</marc:subfield>
         <marc:subfield code="m">Chválenice</marc:subfield>
      </marc:datafield>
      <marc:datafield tag="R03" ind1=" " ind2=" ">
         <marc:subfield code="o">Itálie</marc:subfield>
         <marc:subfield code="m">Gorizia</marc:subfield>
      </marc:datafield>
      <marc:datafield tag="R04" ind1=" " ind2=" ">
         <marc:subfield code="a">Katolická církev</marc:subfield>
      </marc:datafield>
      <marc:datafield tag="R04" ind1=" " ind2=" ">
         <marc:subfield code="a">Stát a církev</marc:subfield>
      </marc:datafield>
      <marc:datafield tag="R05" ind1=" " ind2=" ">
         <marc:subfield code="o">Itálie</marc:subfield>
         <marc:subfield code="m">Gorizia</marc:subfield>
      </marc:datafield>
      <marc:datafield tag="R05" ind1=" " ind2=" ">
         <marc:subfield code="o">Slovinsko</marc:subfield>
      </marc:datafield>
      <marc:datafield tag="R06" ind1=" " ind2=" ">
         <marc:subfield code="a">katoličtí kněží</marc:subfield>
      </marc:datafield>
      <marc:datafield tag="R06" ind1=" " ind2=" ">
         <marc:subfield code="a">katoličtí duchovní</marc:subfield>
      </marc:datafield>
      <marc:datafield tag="R06" ind1=" " ind2=" ">
         <marc:subfield code="a">církevní hodnostáři</marc:subfield>
      </marc:datafield>
      <marc:datafield tag="R07" ind1=" " ind2=" ">
         <marc:subfield code="a">Katolický duchovní. Pocházel z Chválenic a po maturitě v Plzni odešel v r. 1890 studovat do arcibiskupského semináře v Gorici v tehdejším rakouském Přímoří. R. 1894 byl vysvěcen na kněze a působil poté jako duchovní na různých místech v tomto regionu. Od r. 1922 byl duchovním ve farnosti Komno, což bylo území, které v r. 1918 získala Itálie. Aktivně se zde zasazoval o práva slovinské menšiny, což vedlo ke konfliktům s fašistickým režimem. Zemřel v r. 1931 v Gorizii.</marc:subfield>
      </marc:datafield>
      <marc:datafield tag="670" ind1=" " ind2=" ">
         <marc:subfield code="a">Sankot, Jiří. Kněz Bohumil Němec a jeho rodina. Jižní Plzeňsko 15, 2017, s. 44-71. - 20 fot., 1 mapa</marc:subfield>
      </marc:datafield>
      <marc:datafield tag="678" ind1="0" ind2=" ">
         <marc:subfield code="a">Katolický duchovní. Narozen 23.12.1868 ve Chválenicích (okr. Plzeň-město), zemřel 22.11.1931 v Gorizii (Itálie).</marc:subfield>
      </marc:datafield>
      <marc:datafield tag="909" ind1=" " ind2=" ">
         <marc:subfield code="a">CZ</marc:subfield>
      </marc:datafield>
      <marc:datafield tag="IST" ind1=" " ind2=" ">
         <marc:subfield code="a">sa20180130</marc:subfield>
         <marc:subfield code="b">ba</marc:subfield>
      </marc:datafield>
      <marc:datafield tag="KDN" ind1=" " ind2=" ">
         <marc:subfield code="a">18681223</marc:subfield>
      </marc:datafield>
      <marc:datafield tag="KDU" ind1=" " ind2=" ">
         <marc:subfield code="a">19311122</marc:subfield>
      </marc:datafield>
      <marc:leader>-----nz--a22-----n--4500</marc:leader>
   </marc:record>