
   <marc:record>
      <marc:controlfield tag="001">000007675</marc:controlfield>
      <marc:controlfield tag="003">CZ-PlERL</marc:controlfield>
      <marc:controlfield tag="005">20180403075419.0</marc:controlfield>
      <marc:controlfield tag="008">180208-n-acnnnaabn-----------n-a-a------</marc:controlfield>
      <marc:datafield tag="040" ind1=" " ind2=" ">
         <marc:subfield code="a">PNA001</marc:subfield>
         <marc:subfield code="b">cze</marc:subfield>
      </marc:datafield>
      <marc:datafield tag="100" ind1="1" ind2=" ">
         <marc:subfield code="a">Reindl, Tomáš,</marc:subfield>
         <marc:subfield code="d">1971-</marc:subfield>
         <marc:subfield code="7">xx0096481</marc:subfield>
      </marc:datafield>
      <marc:datafield tag="R02" ind1=" " ind2=" ">
         <marc:subfield code="o">Plzeň-sever</marc:subfield>
         <marc:subfield code="m">Třemošná</marc:subfield>
      </marc:datafield>
      <marc:datafield tag="R04" ind1=" " ind2=" ">
         <marc:subfield code="a">Hudba</marc:subfield>
      </marc:datafield>
      <marc:datafield tag="R04" ind1=" " ind2=" ">
         <marc:subfield code="a">Hudební pedagogika</marc:subfield>
      </marc:datafield>
      <marc:datafield tag="R06" ind1=" " ind2=" ">
         <marc:subfield code="a">hudebníci</marc:subfield>
      </marc:datafield>
      <marc:datafield tag="R06" ind1=" " ind2=" ">
         <marc:subfield code="a">hudební pedagogové</marc:subfield>
      </marc:datafield>
      <marc:datafield tag="R06" ind1=" " ind2=" ">
         <marc:subfield code="a">hudební skupiny</marc:subfield>
      </marc:datafield>
      <marc:datafield tag="R07" ind1=" " ind2=" ">
         <marc:subfield code="a">Původně z obce Třemošná, v současnosti žije v Loděnici na Berounsku. Dřívější člen mnoha hudebních formací působících na Plzeňsku (Kraken, Plzeňský big band, Nastřižené vlasy). Pedagogicky působící na Hudební fakultě Akademie múzických umění.</marc:subfield>
      </marc:datafield>
      <marc:datafield tag="670" ind1=" " ind2=" ">
         <marc:subfield code="a">Reindl, Tomáš. Mám radost, když moji posluchači o hudbě přemýšlejí, konstatuje Tomáš Reindl. [Rozh. zapsal] Ladislav Rott. Kultura : plzeňský kulturní přehled, 2018, leden, s. 5. - 1 fot.</marc:subfield>
      </marc:datafield>
      <marc:datafield tag="670" ind1=" " ind2=" ">
         <marc:subfield code="a">Reindl, Tomáš. Tomáš Reindl, hudební skladatel, aktivní hudebník - multiinstrumentalista, hráč na tabla. [Rozh. zapsal] Ladislav Rott. Vítaný host v Plzeňském kraji, 2018, č. 1, s. 24-25. - 9 fot.</marc:subfield>
      </marc:datafield>
      <marc:datafield tag="678" ind1="0" ind2=" ">
         <marc:subfield code="a">Ing., hudebník, hráč na bicí, perkuse a další nástroje.</marc:subfield>
      </marc:datafield>
      <marc:datafield tag="909" ind1=" " ind2=" ">
         <marc:subfield code="a">CZ</marc:subfield>
      </marc:datafield>
      <marc:datafield tag="IST" ind1=" " ind2=" ">
         <marc:subfield code="a">sa20180208</marc:subfield>
         <marc:subfield code="b">ve</marc:subfield>
      </marc:datafield>
      <marc:leader>-----nz--a22-----n--4500</marc:leader>
   </marc:record>