
   <marc:record>
      <marc:controlfield tag="001">000007677</marc:controlfield>
      <marc:controlfield tag="003">CZ-PlERL</marc:controlfield>
      <marc:controlfield tag="005">20180228152902.0</marc:controlfield>
      <marc:controlfield tag="008">180214-n-acnnnaabn-----------n-a-a------</marc:controlfield>
      <marc:datafield tag="040" ind1=" " ind2=" ">
         <marc:subfield code="a">PNA001</marc:subfield>
         <marc:subfield code="b">cze</marc:subfield>
      </marc:datafield>
      <marc:datafield tag="100" ind1="1" ind2=" ">
         <marc:subfield code="a">Procházka, Josef,</marc:subfield>
         <marc:subfield code="d">1898-1980</marc:subfield>
      </marc:datafield>
      <marc:datafield tag="R02" ind1=" " ind2=" ">
         <marc:subfield code="o">Rokycany</marc:subfield>
         <marc:subfield code="m">Rokycany</marc:subfield>
      </marc:datafield>
      <marc:datafield tag="R03" ind1=" " ind2=" ">
         <marc:subfield code="o">Rokycany</marc:subfield>
         <marc:subfield code="m">Rokycany</marc:subfield>
      </marc:datafield>
      <marc:datafield tag="R04" ind1=" " ind2=" ">
         <marc:subfield code="a">Entomologie</marc:subfield>
      </marc:datafield>
      <marc:datafield tag="R04" ind1=" " ind2=" ">
         <marc:subfield code="a">Sběratelství</marc:subfield>
      </marc:datafield>
      <marc:datafield tag="R04" ind1=" " ind2=" ">
         <marc:subfield code="a">Entomologické sbírky</marc:subfield>
      </marc:datafield>
      <marc:datafield tag="R05" ind1=" " ind2=" ">
         <marc:subfield code="o">Rokycany</marc:subfield>
         <marc:subfield code="m">Rokycany</marc:subfield>
      </marc:datafield>
      <marc:datafield tag="R06" ind1=" " ind2=" ">
         <marc:subfield code="a">entomologové</marc:subfield>
      </marc:datafield>
      <marc:datafield tag="R06" ind1=" " ind2=" ">
         <marc:subfield code="a">sběratelé</marc:subfield>
      </marc:datafield>
      <marc:datafield tag="R07" ind1=" " ind2=" ">
         <marc:subfield code="a">Entomolog. Pocházel z Rokycan a po krátkém zaměstnání v Železárnách Hrádek narukoval do armády. Z 1. světové války se vrátil jako invalida a od r. 1920 začal pro komerční účely sbírat a preparovat hmyz, který dodával různým firmám a obchodníkům s přírodninami. Vytvářel si také svou osobní sbírku, kterou budoval 50 let a shromáždil do ní přes 40 tisíc kusů hmyzu. Usiloval také o popularizaci entomologie na Rokycansku.</marc:subfield>
      </marc:datafield>
      <marc:datafield tag="670" ind1=" " ind2=" ">
         <marc:subfield code="a">Klapalekiana. Supplementum. Praha: Česká společnost entomologická, 34, 1998, s. 198, 237. ISSN 1210-6100.</marc:subfield>
      </marc:datafield>
      <marc:datafield tag="670" ind1=" " ind2=" ">
         <marc:subfield code="a">Jizba, Jaromír. Brouci až z Afriky: ze záliby i pro užitek. Svobodné slovo, 23, 1967, 8.XI., č. 308, s. 3. ISSN 0231-732X.</marc:subfield>
      </marc:datafield>
      <marc:datafield tag="670" ind1=" " ind2=" ">
         <marc:subfield code="a">Votruba, Vlastimil. Se smrtihlavem v hrsti. Svět v obrazech, 1971, 5.VI., č. 23, s. 10 - 2 fot. ISSN 0039-7032.</marc:subfield>
      </marc:datafield>
      <marc:datafield tag="670" ind1=" " ind2=" ">
         <marc:subfield code="a">Votruba, Vlastimil. Půl století mezi brouky: koníček bývalého slévače: příroda je zajímavá. Lidová demokracie, 28, 1972, 6.III., č. 55, s. 3. ISSN 0323-1143.</marc:subfield>
      </marc:datafield>
      <marc:datafield tag="670" ind1=" " ind2=" ">
         <marc:subfield code="a">Ba. Vášnivě miluje přírodu. Beseda naší vesnice, 27, 1975, 4.VII., č. 27, s. 6.</marc:subfield>
      </marc:datafield>
      <marc:datafield tag="678" ind1="0" ind2=" ">
         <marc:subfield code="a">Entomolog. Narodil se 10.12.1898 v Rokycanech, zemřel 24.5.1980.</marc:subfield>
      </marc:datafield>
      <marc:datafield tag="909" ind1=" " ind2=" ">
         <marc:subfield code="a">CZ</marc:subfield>
      </marc:datafield>
      <marc:datafield tag="IST" ind1=" " ind2=" ">
         <marc:subfield code="a">sa20180214</marc:subfield>
         <marc:subfield code="b">ba</marc:subfield>
      </marc:datafield>
      <marc:datafield tag="KDN" ind1=" " ind2=" ">
         <marc:subfield code="a">18981210</marc:subfield>
      </marc:datafield>
      <marc:datafield tag="KDU" ind1=" " ind2=" ">
         <marc:subfield code="a">19800524</marc:subfield>
      </marc:datafield>
      <marc:leader>-----nz--a22-----n--4500</marc:leader>
   </marc:record>