
   <marc:record>
      <marc:controlfield tag="001">000007687</marc:controlfield>
      <marc:controlfield tag="003">CZ-PlERL</marc:controlfield>
      <marc:controlfield tag="005">20180223151938.0</marc:controlfield>
      <marc:controlfield tag="008">180223-n-acnnnaabn-----------n-a-a------</marc:controlfield>
      <marc:datafield tag="040" ind1=" " ind2=" ">
         <marc:subfield code="a">PNA001</marc:subfield>
         <marc:subfield code="b">cze</marc:subfield>
      </marc:datafield>
      <marc:datafield tag="100" ind1="1" ind2=" ">
         <marc:subfield code="a">Krumlovský, Jiří,</marc:subfield>
         <marc:subfield code="d">-1622</marc:subfield>
      </marc:datafield>
      <marc:datafield tag="R02" ind1=" " ind2=" ">
         <marc:subfield code="o">Domažlice</marc:subfield>
         <marc:subfield code="m">Domažlice</marc:subfield>
      </marc:datafield>
      <marc:datafield tag="R03" ind1=" " ind2=" ">
         <marc:subfield code="o">Praha</marc:subfield>
         <marc:subfield code="m">Praha</marc:subfield>
      </marc:datafield>
      <marc:datafield tag="R04" ind1=" " ind2=" ">
         <marc:subfield code="a">Školství</marc:subfield>
      </marc:datafield>
      <marc:datafield tag="R04" ind1=" " ind2=" ">
         <marc:subfield code="a">Literatura</marc:subfield>
      </marc:datafield>
      <marc:datafield tag="R04" ind1=" " ind2=" ">
         <marc:subfield code="a">Poezie</marc:subfield>
      </marc:datafield>
      <marc:datafield tag="R05" ind1=" " ind2=" ">
         <marc:subfield code="o">Domažlice</marc:subfield>
         <marc:subfield code="m">Horšovský Týn</marc:subfield>
      </marc:datafield>
      <marc:datafield tag="R05" ind1=" " ind2=" ">
         <marc:subfield code="o">Praha</marc:subfield>
         <marc:subfield code="m">Praha</marc:subfield>
      </marc:datafield>
      <marc:datafield tag="R05" ind1=" " ind2=" ">
         <marc:subfield code="o">Pardubice</marc:subfield>
         <marc:subfield code="m">Pardubice</marc:subfield>
      </marc:datafield>
      <marc:datafield tag="R05" ind1=" " ind2=" ">
         <marc:subfield code="o">Nymburk</marc:subfield>
         <marc:subfield code="m">Nymburk</marc:subfield>
      </marc:datafield>
      <marc:datafield tag="R06" ind1=" " ind2=" ">
         <marc:subfield code="a">spisovatelé</marc:subfield>
      </marc:datafield>
      <marc:datafield tag="R06" ind1=" " ind2=" ">
         <marc:subfield code="a">básníci</marc:subfield>
      </marc:datafield>
      <marc:datafield tag="R07" ind1=" " ind2=" ">
         <marc:subfield code="a">Autor latinských veršů. Pocházel z Domažlic, v r. 1609 získal titul bakaláře. Působil jako správce škol v Praze a Pardubicích a také jako rektor školy v Horšovském Týně. Od r. 1617 působil v Nymburku. V letech 1620-1622 byl jedním ze školních inspektorů.</marc:subfield>
      </marc:datafield>
      <marc:datafield tag="670" ind1=" " ind2=" ">
         <marc:subfield code="a">Krumlovský, Jiří - autor latinských veršů. Znáte to jméno? Výročí regionálních osobností na květen 2017. Domažlice, Městská knihovna Boženy Němcové 2017, nestr.</marc:subfield>
      </marc:datafield>
      <marc:datafield tag="678" ind1="0" ind2=" ">
         <marc:subfield code="a">Autor latinských veršů. Pocházel z Damažlic, zemřel 10.5.1622 v Praze.</marc:subfield>
      </marc:datafield>
      <marc:datafield tag="909" ind1=" " ind2=" ">
         <marc:subfield code="a">CZ</marc:subfield>
      </marc:datafield>
      <marc:datafield tag="IST" ind1=" " ind2=" ">
         <marc:subfield code="a">sa20180223</marc:subfield>
         <marc:subfield code="b">ba</marc:subfield>
      </marc:datafield>
      <marc:datafield tag="KDU" ind1=" " ind2=" ">
         <marc:subfield code="a">16220510</marc:subfield>
      </marc:datafield>
      <marc:leader>-----nz--a22-----n--4500</marc:leader>
   </marc:record>