
   <marc:record>
      <marc:controlfield tag="001">000007700</marc:controlfield>
      <marc:controlfield tag="003">CZ-PlERL</marc:controlfield>
      <marc:controlfield tag="005">20180409160231.0</marc:controlfield>
      <marc:controlfield tag="008">180409-n-acnnnaabn-----------n-a-a------</marc:controlfield>
      <marc:datafield tag="040" ind1=" " ind2=" ">
         <marc:subfield code="a">PNA001</marc:subfield>
         <marc:subfield code="b">cze</marc:subfield>
      </marc:datafield>
      <marc:datafield tag="100" ind1="1" ind2=" ">
         <marc:subfield code="a">Vejvoda, Zdeněk,</marc:subfield>
         <marc:subfield code="d">1975-</marc:subfield>
         <marc:subfield code="7">mzk2004261354</marc:subfield>
      </marc:datafield>
      <marc:datafield tag="R02" ind1=" " ind2=" ">
         <marc:subfield code="o">Rokycany</marc:subfield>
         <marc:subfield code="m">Rokycany</marc:subfield>
      </marc:datafield>
      <marc:datafield tag="R04" ind1=" " ind2=" ">
         <marc:subfield code="a">Muzikologie</marc:subfield>
      </marc:datafield>
      <marc:datafield tag="R04" ind1=" " ind2=" ">
         <marc:subfield code="a">Etnomuzikologie</marc:subfield>
      </marc:datafield>
      <marc:datafield tag="R04" ind1=" " ind2=" ">
         <marc:subfield code="a">Lidová hudba</marc:subfield>
      </marc:datafield>
      <marc:datafield tag="R04" ind1=" " ind2=" ">
         <marc:subfield code="a">Folklor</marc:subfield>
      </marc:datafield>
      <marc:datafield tag="R05" ind1=" " ind2=" ">
         <marc:subfield code="o">Praha</marc:subfield>
         <marc:subfield code="m">Praha</marc:subfield>
      </marc:datafield>
      <marc:datafield tag="R05" ind1=" " ind2=" ">
         <marc:subfield code="o">Rokycany</marc:subfield>
         <marc:subfield code="m">Rokycany</marc:subfield>
      </marc:datafield>
      <marc:datafield tag="R06" ind1=" " ind2=" ">
         <marc:subfield code="a">muzikologové</marc:subfield>
      </marc:datafield>
      <marc:datafield tag="R06" ind1=" " ind2=" ">
         <marc:subfield code="a">etnomuzikologové</marc:subfield>
      </marc:datafield>
      <marc:datafield tag="R06" ind1=" " ind2=" ">
         <marc:subfield code="a">odborní publicisté</marc:subfield>
      </marc:datafield>
      <marc:datafield tag="R06" ind1=" " ind2=" ">
         <marc:subfield code="a">hudební pedagogové</marc:subfield>
      </marc:datafield>
      <marc:datafield tag="R07" ind1=" " ind2=" ">
         <marc:subfield code="a">Etnomuzikolog. Pochází z Rokycan, vystudoval Pedagogickou fakultu Západočeské univerzity v Plzni a Filozofickou fakultu Univerzity Karlovy v Praze. Zabývá se etnomuzikologií, lidovou hudbou a hudebním folklorem. Spolupracuje s amatérskými i profesionálními folklorními soubory a je dramaturgem a autorem programů folklorních festivalů ve Strážnici, Strakonicích, Domažlicích i jinde. Působí v Etnologickém ústavu Akademie věd ČR a v r. 2017 mu byla udělena medaile Vojty Náprstka za zásluhy o popularizaci vědy.</marc:subfield>
      </marc:datafield>
      <marc:datafield tag="670" ind1=" " ind2=" ">
         <marc:subfield code="a">Drahoš, Jiří a Zdeněk Vejvoda. Zdeňku Vejvodovi bylo uděleno ocenění Akademie věd ČR - medaile V. Náprstka. [Rozh. zaps.] (naš). Rokycanský deník, [26], 2017, 27.II., č. 49, s. 3. - 1 fot.</marc:subfield>
      </marc:datafield>
      <marc:datafield tag="678" ind1="0" ind2=" ">
         <marc:subfield code="a">Narozen 22. 6. 1975 v Rokycanech. Etnomuzikolog, práce z oboru.</marc:subfield>
      </marc:datafield>
      <marc:datafield tag="909" ind1=" " ind2=" ">
         <marc:subfield code="a">CZ</marc:subfield>
      </marc:datafield>
      <marc:datafield tag="IST" ind1=" " ind2=" ">
         <marc:subfield code="a">sa20180409</marc:subfield>
         <marc:subfield code="b">ba</marc:subfield>
      </marc:datafield>
      <marc:datafield tag="KDN" ind1=" " ind2=" ">
         <marc:subfield code="a">19750622</marc:subfield>
      </marc:datafield>
      <marc:leader>-----nz--a22-----n--4500</marc:leader>
   </marc:record>