
   <marc:record>
      <marc:controlfield tag="001">000007708</marc:controlfield>
      <marc:controlfield tag="003">CZ-PlERL</marc:controlfield>
      <marc:controlfield tag="005">20180419111141.0</marc:controlfield>
      <marc:controlfield tag="008">180419-n-acnnnaabn-----------n-a-a------</marc:controlfield>
      <marc:datafield tag="040" ind1=" " ind2=" ">
         <marc:subfield code="a">PNA001</marc:subfield>
         <marc:subfield code="b">cze</marc:subfield>
      </marc:datafield>
      <marc:datafield tag="100" ind1="1" ind2=" ">
         <marc:subfield code="a">Bouše, Bonaventura,</marc:subfield>
         <marc:subfield code="d">1918-2002</marc:subfield>
         <marc:subfield code="7">jn20001103244</marc:subfield>
      </marc:datafield>
      <marc:datafield tag="R02" ind1=" " ind2=" ">
         <marc:subfield code="o">Plzeň-město</marc:subfield>
         <marc:subfield code="m">Plzeň</marc:subfield>
      </marc:datafield>
      <marc:datafield tag="R03" ind1=" " ind2=" ">
         <marc:subfield code="o">Praha</marc:subfield>
         <marc:subfield code="m">Praha</marc:subfield>
      </marc:datafield>
      <marc:datafield tag="R04" ind1=" " ind2=" ">
         <marc:subfield code="a">Teologie</marc:subfield>
      </marc:datafield>
      <marc:datafield tag="R05" ind1=" " ind2=" ">
         <marc:subfield code="o">Praha</marc:subfield>
         <marc:subfield code="m">Praha</marc:subfield>
      </marc:datafield>
      <marc:datafield tag="R06" ind1=" " ind2=" ">
         <marc:subfield code="a">katoličtí kněží</marc:subfield>
      </marc:datafield>
      <marc:datafield tag="R06" ind1=" " ind2=" ">
         <marc:subfield code="a">teologové</marc:subfield>
      </marc:datafield>
      <marc:datafield tag="R06" ind1=" " ind2=" ">
         <marc:subfield code="a">řeholníci</marc:subfield>
      </marc:datafield>
      <marc:datafield tag="R07" ind1=" " ind2=" ">
         <marc:subfield code="a">Katolický teolog, řeholník řádu františkánů, katolický duchovní. Narozen v Plzni, kde r. 1937 maturoval na 2. reálním gymnáziu. Po maturitě studoval teologickou fakultu UK v Praze. V r. 1942 byl vysvěcen na kněze a působil v několika farnostech jako kaplan. V r. 1946 byl přijat do františkánského řádu v pražském konventu Panny Marie. V r. 1950 byl v rámci tzv. Akce K odveden do internace. Po propuštění pracoval v různých civilních povoláních, nedostal souhlas k výkonu duchovenské činnosti. Věnoval se překladům liturgických knih, byl redaktorem teologického časopisu Via. V době politického uvolnění 1968-1970 vyučoval liturgiku na Cyrilometodějské bohoslovecké fakultě a v letech 1969-1972 působil v Praze jako tzv. výpomocný duchovní.</marc:subfield>
      </marc:datafield>
      <marc:datafield tag="R10" ind1=" " ind2=" ">
         <marc:subfield code="a">Též uváděn jako Zdeněk Bonaventura Bouše</marc:subfield>
      </marc:datafield>
      <marc:datafield tag="670" ind1=" " ind2=" ">
         <marc:subfield code="a">Rückl, Jan. Zdeněk Bonaventura Bouše OFM. In: In: Historie nejen literární : sborník textů z cyklu přednášek pořádané Knihovnou kardinála Berana v Plzni 2017. Plzeň : Knihovna kardinála Berana, 2017. S. 70-80. - ISBN 978-80-906711-3-3</marc:subfield>
      </marc:datafield>
      <marc:datafield tag="678" ind1="0" ind2=" ">
         <marc:subfield code="a">Narozen 16. 5. 1918 v Plzni, zemřel 16. 4. 2002 v Praze. Katolický duchovní, teolog, člen řádu františkánů. Autor teologické spisů, překladatel liturgických textů, autor prací z křesťanské ikonografie.</marc:subfield>
      </marc:datafield>
      <marc:datafield tag="909" ind1=" " ind2=" ">
         <marc:subfield code="a">CZ</marc:subfield>
      </marc:datafield>
      <marc:datafield tag="IST" ind1=" " ind2=" ">
         <marc:subfield code="a">sa20180419</marc:subfield>
         <marc:subfield code="b">ib</marc:subfield>
      </marc:datafield>
      <marc:datafield tag="KDN" ind1=" " ind2=" ">
         <marc:subfield code="a">19180419</marc:subfield>
      </marc:datafield>
      <marc:datafield tag="KDU" ind1=" " ind2=" ">
         <marc:subfield code="a">20020416</marc:subfield>
      </marc:datafield>
      <marc:leader>-----nz--a22-----n--4500</marc:leader>
   </marc:record>