
   <marc:record>
      <marc:controlfield tag="001">000007709</marc:controlfield>
      <marc:controlfield tag="003">CZ-PlERL</marc:controlfield>
      <marc:controlfield tag="005">20180420091926.0</marc:controlfield>
      <marc:controlfield tag="008">180420-n-acnnnaabn-----------n-a-a------</marc:controlfield>
      <marc:datafield tag="040" ind1=" " ind2=" ">
         <marc:subfield code="a">PNA001</marc:subfield>
         <marc:subfield code="b">cze</marc:subfield>
      </marc:datafield>
      <marc:datafield tag="100" ind1="1" ind2=" ">
         <marc:subfield code="a">Pokorný, František,</marc:subfield>
         <marc:subfield code="d">1916-1942</marc:subfield>
      </marc:datafield>
      <marc:datafield tag="R02" ind1=" " ind2=" ">
         <marc:subfield code="o">Rokycany</marc:subfield>
         <marc:subfield code="m">Pavlovsko</marc:subfield>
      </marc:datafield>
      <marc:datafield tag="R03" ind1=" " ind2=" ">
         <marc:subfield code="o">Francie</marc:subfield>
         <marc:subfield code="m">St. Omer</marc:subfield>
      </marc:datafield>
      <marc:datafield tag="R04" ind1=" " ind2=" ">
         <marc:subfield code="a">Vojenské letectvo</marc:subfield>
      </marc:datafield>
      <marc:datafield tag="R04" ind1=" " ind2=" ">
         <marc:subfield code="a">Stíhací letectvo</marc:subfield>
      </marc:datafield>
      <marc:datafield tag="R04" ind1=" " ind2=" ">
         <marc:subfield code="a">Zahraniční odboj</marc:subfield>
      </marc:datafield>
      <marc:datafield tag="R04" ind1=" " ind2=" ">
         <marc:subfield code="a">Druhá světová válka</marc:subfield>
      </marc:datafield>
      <marc:datafield tag="R05" ind1=" " ind2=" ">
         <marc:subfield code="o">Rokycany</marc:subfield>
         <marc:subfield code="m">Hrádek</marc:subfield>
      </marc:datafield>
      <marc:datafield tag="R05" ind1=" " ind2=" ">
         <marc:subfield code="o">Polsko</marc:subfield>
      </marc:datafield>
      <marc:datafield tag="R05" ind1=" " ind2=" ">
         <marc:subfield code="o">Rusko</marc:subfield>
         <marc:subfield code="m">Suzdal</marc:subfield>
      </marc:datafield>
      <marc:datafield tag="R05" ind1=" " ind2=" ">
         <marc:subfield code="o">Velká Británie</marc:subfield>
      </marc:datafield>
      <marc:datafield tag="R06" ind1=" " ind2=" ">
         <marc:subfield code="a">vojenští letci</marc:subfield>
      </marc:datafield>
      <marc:datafield tag="R06" ind1=" " ind2=" ">
         <marc:subfield code="a">stíhací letci</marc:subfield>
      </marc:datafield>
      <marc:datafield tag="R07" ind1=" " ind2=" ">
         <marc:subfield code="a">Vojenský letec, účastník zahraničního odboje. Vyučil se zámečníkem v Železárnách Hrádek a poté vstoupil do Západočeského aeroklubu v Plzni, kde získal diplom pilota sportovních letadel. V r. 1936 nastoupil vojenskou službu u leteckého pluku 4 v Praze, kterou dokončil v hodnosti desátníka. Po okupaci českých zemí v r. 1939 odešel do Polska s cílem připojit se k zahraničnímu odboji. Zde ho zastihlo vypuknutí války a v říjnu 1939 byl spolu s dalšími československými vojáky internován v Sovětském svazu. V únoru 1941 byl propuštěn a odjel spolu s dalšími vojáky do Velké Británie. Zde vstoupil do čs. zahraniční armády a absolvoval výcvik stíhacího pilota. Poté nastoupil u 313. stíhací perutě RAF. Tragicky zahynul 9.4.1942 při leteckém souboji v oblasti St. Omer ve Francii.</marc:subfield>
      </marc:datafield>
      <marc:datafield tag="670" ind1=" " ind2=" ">
         <marc:subfield code="a">Laštovka, Vojtěch. Letci RAF z Rokycanska proti nacismu 1939-1945. Minulostí Rokycanska, č. 16 (2003). Rokycany : Státní okresní archiv, 2003, s. 3-20. - 7 fot. ISSN 1211-5908.</marc:subfield>
      </marc:datafield>
      <marc:datafield tag="678" ind1="0" ind2=" ">
         <marc:subfield code="a">Vojenský letec, účastník zahraničního odboje. Narozen 4.6.1916 v Pavlovsku (okr. Rokycany), zemřel 9.4.1942 v St. Omer (Francie).</marc:subfield>
      </marc:datafield>
      <marc:datafield tag="909" ind1=" " ind2=" ">
         <marc:subfield code="a">CZ</marc:subfield>
      </marc:datafield>
      <marc:datafield tag="IST" ind1=" " ind2=" ">
         <marc:subfield code="a">sa20180420</marc:subfield>
         <marc:subfield code="b">ba</marc:subfield>
      </marc:datafield>
      <marc:datafield tag="KDN" ind1=" " ind2=" ">
         <marc:subfield code="a">19160604</marc:subfield>
      </marc:datafield>
      <marc:datafield tag="KDU" ind1=" " ind2=" ">
         <marc:subfield code="a">19420409</marc:subfield>
      </marc:datafield>
      <marc:leader>-----nz--a22-----n--4500</marc:leader>
   </marc:record>