
   <marc:record>
      <marc:controlfield tag="001">000007713</marc:controlfield>
      <marc:controlfield tag="003">CZ-PlERL</marc:controlfield>
      <marc:controlfield tag="005">20181003140225.0</marc:controlfield>
      <marc:controlfield tag="008">180425-n-acnnnaabn-----------n-a-a------</marc:controlfield>
      <marc:datafield tag="040" ind1=" " ind2=" ">
         <marc:subfield code="a">PNA001</marc:subfield>
         <marc:subfield code="b">cze</marc:subfield>
      </marc:datafield>
      <marc:datafield tag="100" ind1="1" ind2=" ">
         <marc:subfield code="a">Brož, Ladislav,</marc:subfield>
         <marc:subfield code="d">1844-1884</marc:subfield>
      </marc:datafield>
      <marc:datafield tag="R02" ind1=" " ind2=" ">
         <marc:subfield code="o">Rokycany</marc:subfield>
         <marc:subfield code="m">Rokycany</marc:subfield>
      </marc:datafield>
      <marc:datafield tag="R03" ind1=" " ind2=" ">
         <marc:subfield code="o">Polsko</marc:subfield>
         <marc:subfield code="m">Chocianów</marc:subfield>
      </marc:datafield>
      <marc:datafield tag="R04" ind1=" " ind2=" ">
         <marc:subfield code="a">Samospráva</marc:subfield>
      </marc:datafield>
      <marc:datafield tag="R04" ind1=" " ind2=" ">
         <marc:subfield code="a">Veřejná správa</marc:subfield>
      </marc:datafield>
      <marc:datafield tag="R04" ind1=" " ind2=" ">
         <marc:subfield code="a">Politika</marc:subfield>
      </marc:datafield>
      <marc:datafield tag="R05" ind1=" " ind2=" ">
         <marc:subfield code="o">Rokycany</marc:subfield>
         <marc:subfield code="m">Rokycany</marc:subfield>
      </marc:datafield>
      <marc:datafield tag="R06" ind1=" " ind2=" ">
         <marc:subfield code="a">purkmistři</marc:subfield>
      </marc:datafield>
      <marc:datafield tag="R06" ind1=" " ind2=" ">
         <marc:subfield code="a">starostové</marc:subfield>
      </marc:datafield>
      <marc:datafield tag="R06" ind1=" " ind2=" ">
         <marc:subfield code="a">politici</marc:subfield>
      </marc:datafield>
      <marc:datafield tag="R07" ind1=" " ind2=" ">
         <marc:subfield code="a">Purkmistr města Rokycan v letech 1873-1880. Pocházel z přední rokycanské rodiny, jeho otcem byl MUDr. Karel Brož, městský lékař a jeho matkou dcera rokycanského purkmistra JUDra Ferdinanda Heyrovského. Ladislav Brož byl r. 1868 zvolen starostou rokycanského Sokola a členem obecního zastupitelstva, v r. 1870 se stal členem městské rady. Dne 5.10. 1873 byl poprvé zvolen purkmistrem a r. 1876 byl zvolen znovu. R. 1877 byl zvolen také poslancem zemského sněmu. Patřil k iniciátorům zřízení českého reálného gymnázia v Rokycanech r. 1873, které však bylo o několik let později zrušeno, což ho stálo poslanecký mandát. R. 1880 zkrachovaly rokycanské železárny, za což byl činěn odpovědným a přišel o úřad purkmistra. Byl obviněn z podvodu a zpronevěry, a proto se raději odstěhoval do Kocenavy v pruském Slezsku. Zde r. 1884 spáchal sebevraždu.</marc:subfield>
      </marc:datafield>
      <marc:datafield tag="670" ind1=" " ind2=" ">
         <marc:subfield code="a">Cironis, Petros. Portréty starostů města Rokycan. Minulostí Rokycanska, č. 9 (květen 1998). Rokycany : Státní okresní archiv, 1996, s. 59-60. - 2 fot., 1 obr. ISSN 1211-5908.</marc:subfield>
      </marc:datafield>
      <marc:datafield tag="678" ind1="0" ind2=" ">
         <marc:subfield code="a">Purkmistr města Rokycan v letech 1873-1880. Narozen v Rokycanech 17.2.1844, zemřel 1.5.1884 v Chocianówě (Polsko).</marc:subfield>
      </marc:datafield>
      <marc:datafield tag="909" ind1=" " ind2=" ">
         <marc:subfield code="a">CZ</marc:subfield>
      </marc:datafield>
      <marc:datafield tag="IST" ind1=" " ind2=" ">
         <marc:subfield code="a">sa20180425</marc:subfield>
         <marc:subfield code="b">ba</marc:subfield>
      </marc:datafield>
      <marc:datafield tag="KDN" ind1=" " ind2=" ">
         <marc:subfield code="a">18440217</marc:subfield>
      </marc:datafield>
      <marc:datafield tag="KDU" ind1=" " ind2=" ">
         <marc:subfield code="a">18840501</marc:subfield>
      </marc:datafield>
      <marc:leader>-----nz--a22-----n--4500</marc:leader>
   </marc:record>