
   <marc:record>
      <marc:controlfield tag="001">000007719</marc:controlfield>
      <marc:controlfield tag="003">CZ-PlERL</marc:controlfield>
      <marc:controlfield tag="005">20181015141416.0</marc:controlfield>
      <marc:controlfield tag="008">180612-n-acnnnaabn-----------n-a-a------</marc:controlfield>
      <marc:datafield tag="040" ind1=" " ind2=" ">
         <marc:subfield code="a">PNA001</marc:subfield>
         <marc:subfield code="b">cze</marc:subfield>
      </marc:datafield>
      <marc:datafield tag="100" ind1="1" ind2=" ">
         <marc:subfield code="a">Hanková, Květa,</marc:subfield>
         <marc:subfield code="d">1929-2018</marc:subfield>
         <marc:subfield code="7">pna2018999708</marc:subfield>
      </marc:datafield>
      <marc:datafield tag="R03" ind1=" " ind2=" ">
         <marc:subfield code="o">Švýcarsko</marc:subfield>
         <marc:subfield code="m">St. Gallen</marc:subfield>
      </marc:datafield>
      <marc:datafield tag="R04" ind1=" " ind2=" ">
         <marc:subfield code="a">Hudba</marc:subfield>
      </marc:datafield>
      <marc:datafield tag="R04" ind1=" " ind2=" ">
         <marc:subfield code="a">Divadlo</marc:subfield>
      </marc:datafield>
      <marc:datafield tag="R05" ind1=" " ind2=" ">
         <marc:subfield code="o">Plzeň-město</marc:subfield>
         <marc:subfield code="m">Plzeň</marc:subfield>
      </marc:datafield>
      <marc:datafield tag="R06" ind1=" " ind2=" ">
         <marc:subfield code="a">operetní zpěvačky</marc:subfield>
      </marc:datafield>
      <marc:datafield tag="R07" ind1=" " ind2=" ">
         <marc:subfield code="a">Operetní a operní sólistka Divadla J. K. Tyla v letech 1955-1977. Vytvořila zde řadu operetních a muzikálových rolí, např. Rosalinda v Netopýru, Helena v Polské krvi, titulní role v muzikálu Colle Portera Líbej mě Káťo, Líza v My Fair Lady atd. V r. 1969 ztvárnila roli Lenky v Jiráskově Filosofské historii a v r. 1970 úlohu Ludiše v opeře Braniboři v Čechách. Tato představení se stala záminkou pro to, že z divadla museli odejít tehdejší šéf operety Miroslav Doutlík a její manžel Jiří Kout. Od r. 1978 žila s manželem v emigraci.</marc:subfield>
      </marc:datafield>
      <marc:datafield tag="R10" ind1=" " ind2=" ">
         <marc:subfield code="a">Manželka dirigenta Jiřího Kouta</marc:subfield>
      </marc:datafield>
      <marc:datafield tag="670" ind1=" " ind2=" ">
         <marc:subfield code="a">(jš). Odešla jedna z legend plzeňské operety. Plzeňský deník, 27, 2018, 29.V., č. 123, s. 10. - 1 fot.</marc:subfield>
      </marc:datafield>
      <marc:datafield tag="670" ind1=" " ind2=" ">
         <marc:subfield code="a">Bár, Pavel. Odešla dlouholetá sólistka operety Květa Hanková. Divadelní revue DJKT, [16], 2018, č. 4, s. 24. - 1 fot.</marc:subfield>
      </marc:datafield>
      <marc:datafield tag="678" ind1="0" ind2=" ">
         <marc:subfield code="a">Narozena 14. 12. 1929, zemřela 15. 5. 2018 v St. Gallen ve Švýcarsku. Operetní a muzikálová pěvkyně</marc:subfield>
      </marc:datafield>
      <marc:datafield tag="909" ind1=" " ind2=" ">
         <marc:subfield code="a">CZ</marc:subfield>
      </marc:datafield>
      <marc:datafield tag="IST" ind1=" " ind2=" ">
         <marc:subfield code="a">sa20180612</marc:subfield>
         <marc:subfield code="b">ib</marc:subfield>
      </marc:datafield>
      <marc:datafield tag="KDN" ind1=" " ind2=" ">
         <marc:subfield code="a">19291214</marc:subfield>
      </marc:datafield>
      <marc:datafield tag="KDU" ind1=" " ind2=" ">
         <marc:subfield code="a">20180515</marc:subfield>
      </marc:datafield>
      <marc:leader>-----nz--a22-----n--4500</marc:leader>
   </marc:record>