
   <marc:record>
      <marc:controlfield tag="001">000007724</marc:controlfield>
      <marc:controlfield tag="003">CZ-PlERL</marc:controlfield>
      <marc:controlfield tag="005">20180719093618.0</marc:controlfield>
      <marc:controlfield tag="008">180719-n-acnnnaabn-----------n-a-a------</marc:controlfield>
      <marc:datafield tag="040" ind1=" " ind2=" ">
         <marc:subfield code="a">PNA001</marc:subfield>
         <marc:subfield code="b">cze</marc:subfield>
      </marc:datafield>
      <marc:datafield tag="100" ind1="1" ind2=" ">
         <marc:subfield code="a">Škorpil, Josef,</marc:subfield>
         <marc:subfield code="d">1856-1931</marc:subfield>
         <marc:subfield code="7">jk01130350</marc:subfield>
      </marc:datafield>
      <marc:datafield tag="R02" ind1=" " ind2=" ">
         <marc:subfield code="o">Ústí nad Orlicí</marc:subfield>
         <marc:subfield code="m">Vysoké Mýto</marc:subfield>
      </marc:datafield>
      <marc:datafield tag="R03" ind1=" " ind2=" ">
         <marc:subfield code="o">Plzeň.město</marc:subfield>
         <marc:subfield code="m">Plzeň</marc:subfield>
      </marc:datafield>
      <marc:datafield tag="R04" ind1=" " ind2=" ">
         <marc:subfield code="a">Muzea</marc:subfield>
      </marc:datafield>
      <marc:datafield tag="R05" ind1=" " ind2=" ">
         <marc:subfield code="o">Plzeň-město</marc:subfield>
         <marc:subfield code="m">Plzeň</marc:subfield>
      </marc:datafield>
      <marc:datafield tag="R06" ind1=" " ind2=" ">
         <marc:subfield code="a">muzejníci</marc:subfield>
      </marc:datafield>
      <marc:datafield tag="R06" ind1=" " ind2=" ">
         <marc:subfield code="a">muzeologové</marc:subfield>
      </marc:datafield>
      <marc:datafield tag="R06" ind1=" " ind2=" ">
         <marc:subfield code="a">stavitelé</marc:subfield>
      </marc:datafield>
      <marc:datafield tag="R07" ind1=" " ind2=" ">
         <marc:subfield code="a">Muzejník, ředitel Městkého muzea v Plzni. Vystudoval střední školu ve Vysokém Mýtě, pak na přání rodičů šel do učení ke stavební firmě Schmoranz. V r. 1878 se stal členem českého komitétu pro světovou výstavu v Paříži, po návratu absolvoval čtyřletý pobyt v Rusku. Po návratu se vrátil do Vysokého Mýta, kde s bratrem založil muzeum v Pražské bráně. R. 1886 dostal nabídku z Plzně, kde nastoupil na místo správce nově zakládaného oddělení uměleckoprůmyslového při Městském muzeu. Navrhl a prosadil výstavbu nové budovy Západočeského muzea, jejíž stavba byla dokončena r. 1898. V r. 1922 odešel do výslužby, do muzea docházel až do své smrti.</marc:subfield>
      </marc:datafield>
      <marc:datafield tag="670" ind1=" " ind2=" ">
         <marc:subfield code="a">Pflegerová, Štěpánka. Škorpilův odkaz je v plzeňském muzeu stále živý. Vítaný host v Plzeňském kraji, 2018, č. 2, s. 14-15. - 7 fot.</marc:subfield>
      </marc:datafield>
      <marc:datafield tag="678" ind1="0" ind2=" ">
         <marc:subfield code="a">Narozen 28.7.1851 ve Vysokém Mýtě, zemřel 15.3.1931 v Plzni. Ředitel muzea, práce z oboru.</marc:subfield>
      </marc:datafield>
      <marc:datafield tag="909" ind1=" " ind2=" ">
         <marc:subfield code="a">CZ</marc:subfield>
      </marc:datafield>
      <marc:datafield tag="IST" ind1=" " ind2=" ">
         <marc:subfield code="a">sa20180719</marc:subfield>
         <marc:subfield code="b">ib</marc:subfield>
      </marc:datafield>
      <marc:datafield tag="KDN" ind1=" " ind2=" ">
         <marc:subfield code="a">18510728</marc:subfield>
      </marc:datafield>
      <marc:datafield tag="KDU" ind1=" " ind2=" ">
         <marc:subfield code="a">19310315</marc:subfield>
      </marc:datafield>
      <marc:leader>-----nz--a22-----n--4500</marc:leader>
   </marc:record>