
   <marc:record>
      <marc:controlfield tag="001">000007728</marc:controlfield>
      <marc:controlfield tag="003">CZ-PlERL</marc:controlfield>
      <marc:controlfield tag="005">20180813155501.0</marc:controlfield>
      <marc:controlfield tag="008">180813-n-acnnnaabn-----------n-a-a------</marc:controlfield>
      <marc:datafield tag="040" ind1=" " ind2=" ">
         <marc:subfield code="a">PNA001</marc:subfield>
         <marc:subfield code="b">cze</marc:subfield>
      </marc:datafield>
      <marc:datafield tag="100" ind1="1" ind2=" ">
         <marc:subfield code="a">Höfer, Gerhard,</marc:subfield>
         <marc:subfield code="d">1943-2018</marc:subfield>
         <marc:subfield code="7">ola2003206308</marc:subfield>
      </marc:datafield>
      <marc:datafield tag="R02" ind1=" " ind2=" ">
         <marc:subfield code="o">Louny</marc:subfield>
         <marc:subfield code="m">Želeč</marc:subfield>
      </marc:datafield>
      <marc:datafield tag="R04" ind1=" " ind2=" ">
         <marc:subfield code="a">Fyzika</marc:subfield>
      </marc:datafield>
      <marc:datafield tag="R04" ind1=" " ind2=" ">
         <marc:subfield code="a">Školství</marc:subfield>
      </marc:datafield>
      <marc:datafield tag="R04" ind1=" " ind2=" ">
         <marc:subfield code="a">Učebnice</marc:subfield>
      </marc:datafield>
      <marc:datafield tag="R04" ind1=" " ind2=" ">
         <marc:subfield code="a">Pedagogika</marc:subfield>
      </marc:datafield>
      <marc:datafield tag="R05" ind1=" " ind2=" ">
         <marc:subfield code="o">Plzeň-sever</marc:subfield>
         <marc:subfield code="m">Plasy</marc:subfield>
      </marc:datafield>
      <marc:datafield tag="R05" ind1=" " ind2=" ">
         <marc:subfield code="o">Plzeň-město</marc:subfield>
         <marc:subfield code="m">Plzeň</marc:subfield>
      </marc:datafield>
      <marc:datafield tag="R05" ind1=" " ind2=" ">
         <marc:subfield code="o">Karlovy Vary</marc:subfield>
         <marc:subfield code="m">Ostrov</marc:subfield>
      </marc:datafield>
      <marc:datafield tag="R06" ind1=" " ind2=" ">
         <marc:subfield code="a">fyzici</marc:subfield>
      </marc:datafield>
      <marc:datafield tag="R06" ind1=" " ind2=" ">
         <marc:subfield code="a">vysokoškolští učitelé</marc:subfield>
      </marc:datafield>
      <marc:datafield tag="R06" ind1=" " ind2=" ">
         <marc:subfield code="a">pedagogové</marc:subfield>
      </marc:datafield>
      <marc:datafield tag="R06" ind1=" " ind2=" ">
         <marc:subfield code="a">odborní publicisté</marc:subfield>
      </marc:datafield>
      <marc:datafield tag="R06" ind1=" " ind2=" ">
         <marc:subfield code="a">autoři učebnic</marc:subfield>
      </marc:datafield>
      <marc:datafield tag="R07" ind1=" " ind2=" ">
         <marc:subfield code="a">Fyzik, vysokoškolský učitel a spoluautor učebnic. Narodil se r. 1943 v Želči (okr. Louny), gymnázium absolvoval v Žatci a v r. 1962 ukončil studium matematiky a fyziky na Pedagogickém institutu v Karlových Varech. Poté pracoval jako učitel, nejprve na základních školách, později i na gymnáziu v Ostrově nad Ohří. Pokračoval také v postgraduálním studiu na Fakultě pedagogické v Plzni, kde také poznal svou ženu, se kterou se v r. 1988 odstěhoval do Plas. Stal se učitelem Fakulty pedagogické v Plzni a také spoluautorem učebnic fyziky. Zabýval se rovněž dějinami výuky fyziky.</marc:subfield>
      </marc:datafield>
      <marc:datafield tag="670" ind1=" " ind2=" ">
         <marc:subfield code="a">Lovčí, Radovan. Odešel dr. Gerhard Höfer. Vlastivědný sborník, 28, 2018, č. 2, s. 7-8. - 1 fot.</marc:subfield>
      </marc:datafield>
      <marc:datafield tag="678" ind1="0" ind2=" ">
         <marc:subfield code="a">Narozen v roce 1943, zemřel 10. 3 2018. PaeDr., CSc., fyzik se zaměřením na mechaniku a dějiny fyziky. Publikace v oboru.</marc:subfield>
      </marc:datafield>
      <marc:datafield tag="909" ind1=" " ind2=" ">
         <marc:subfield code="a">CZ</marc:subfield>
      </marc:datafield>
      <marc:datafield tag="IST" ind1=" " ind2=" ">
         <marc:subfield code="a">sa20180813</marc:subfield>
         <marc:subfield code="b">ba</marc:subfield>
      </marc:datafield>
      <marc:datafield tag="KDN" ind1=" " ind2=" ">
         <marc:subfield code="a">19430224</marc:subfield>
      </marc:datafield>
      <marc:datafield tag="KDU" ind1=" " ind2=" ">
         <marc:subfield code="a">20180310</marc:subfield>
      </marc:datafield>
      <marc:leader>-----nz--a22-----n--4500</marc:leader>
   </marc:record>