
   <marc:record>
      <marc:controlfield tag="001">000007729</marc:controlfield>
      <marc:controlfield tag="003">CZ-PlERL</marc:controlfield>
      <marc:controlfield tag="005">20181210134557.0</marc:controlfield>
      <marc:controlfield tag="008">180830-n-acnnnaabn-----------n-a-a------</marc:controlfield>
      <marc:datafield tag="040" ind1=" " ind2=" ">
         <marc:subfield code="a">PNA001</marc:subfield>
         <marc:subfield code="b">cze</marc:subfield>
      </marc:datafield>
      <marc:datafield tag="100" ind1="1" ind2=" ">
         <marc:subfield code="a">Pech, Láďa,</marc:subfield>
         <marc:subfield code="d">1917-1999</marc:subfield>
         <marc:subfield code="7">jk01092290</marc:subfield>
      </marc:datafield>
      <marc:datafield tag="R02" ind1=" " ind2=" ">
         <marc:subfield code="o">Plzeň-město</marc:subfield>
         <marc:subfield code="m">Chválenice</marc:subfield>
      </marc:datafield>
      <marc:datafield tag="R04" ind1=" " ind2=" ">
         <marc:subfield code="a">Skauting</marc:subfield>
      </marc:datafield>
      <marc:datafield tag="R04" ind1=" " ind2=" ">
         <marc:subfield code="a">Školství</marc:subfield>
      </marc:datafield>
      <marc:datafield tag="R04" ind1=" " ind2=" ">
         <marc:subfield code="a">Poezie</marc:subfield>
      </marc:datafield>
      <marc:datafield tag="R04" ind1=" " ind2=" ">
         <marc:subfield code="a">Woodcraft</marc:subfield>
      </marc:datafield>
      <marc:datafield tag="R05" ind1=" " ind2=" ">
         <marc:subfield code="o">Praha</marc:subfield>
         <marc:subfield code="m">Praha</marc:subfield>
      </marc:datafield>
      <marc:datafield tag="R05" ind1=" " ind2=" ">
         <marc:subfield code="o">Plzeň-město</marc:subfield>
         <marc:subfield code="m">Chválenice</marc:subfield>
      </marc:datafield>
      <marc:datafield tag="R05" ind1=" " ind2=" ">
         <marc:subfield code="o">Plzeň-město</marc:subfield>
         <marc:subfield code="m">Plzeň</marc:subfield>
      </marc:datafield>
      <marc:datafield tag="R06" ind1=" " ind2=" ">
         <marc:subfield code="a">skauti</marc:subfield>
      </marc:datafield>
      <marc:datafield tag="R06" ind1=" " ind2=" ">
         <marc:subfield code="a">učitelé</marc:subfield>
      </marc:datafield>
      <marc:datafield tag="R06" ind1=" " ind2=" ">
         <marc:subfield code="a">básníci</marc:subfield>
      </marc:datafield>
      <marc:datafield tag="R06" ind1=" " ind2=" ">
         <marc:subfield code="a">političtí vězni</marc:subfield>
      </marc:datafield>
      <marc:datafield tag="R07" ind1=" " ind2=" ">
         <marc:subfield code="a">Básník, organizátor skautingu, středoškolský učitel a politický vězeň. Pocházel z Chválenic (okr. Plzeň-město), jeho strýcem byl katolický duchovní Bohumil Němec (1868-1931), který se stal obětí italského fašismu. Studoval na klasickém gymnáziu v Plzni a již jako gymnazista vydal svou první básnickou sbírku Oddechy noci. Pod vlivem svého přítele Fortunáta Tomana (1908-1993) se také začal věnovat woodcraftu a skautingu a po Tomanovi také později převzal vedení chválenického klubu. Po maturitě začal studovat filozofii a bohemistiku na Univerzitě Karlově v Praze, ale studium kvůli uzavření vysokých škol v r. 1939 nedokončil. Během okupace se věnoval woodcraftu ilegálně a po osvobození se podílel na jeho obnově. Po r. 1948 ale musel opustit povolání učitele a v r. 1953 byl zatčen a odsouzen ve vykonstruovaném procesu. Po propuštění v 60. letech pracoval v západočeské pobočce Archeologického ústavu ČSAV v Plzni.</marc:subfield>
      </marc:datafield>
      <marc:datafield tag="R10" ind1=" " ind2=" ">
         <marc:subfield code="a">Občanským jménem Miroslav Němec</marc:subfield>
      </marc:datafield>
      <marc:datafield tag="670" ind1=" " ind2=" ">
         <marc:subfield code="a">Sankot, Jiří. Nepokořený kmen Delawarů. Druhá část. Pod Zelenou Horou : vlastivědný sborník jižního Plzeňska, 21 (33), 2018, č. 3, s. 16-23. - 4 fot., 1 faksimile</marc:subfield>
      </marc:datafield>
      <marc:datafield tag="670" ind1=" " ind2=" ">
         <marc:subfield code="a">Sankot, Jiří. Nepokořený kmen Delawarů. Třetí část. Pod Zelenou Horou : vlastivědný sborník jižního Plzeňska, 21 (33), 2018, č. 4, s. 16-23. - 6 fot., 2 faksimile</marc:subfield>
      </marc:datafield>
      <marc:datafield tag="678" ind1="0" ind2=" ">
         <marc:subfield code="a">Narozen 12. 2. 1917 ve Chválenicích u Plzně, zemřel 10. 2. 1999. PhC., středoškolský profesor a básník.</marc:subfield>
      </marc:datafield>
      <marc:datafield tag="909" ind1=" " ind2=" ">
         <marc:subfield code="a">CZ</marc:subfield>
      </marc:datafield>
      <marc:datafield tag="IST" ind1=" " ind2=" ">
         <marc:subfield code="a">sa20180830</marc:subfield>
         <marc:subfield code="b">ba</marc:subfield>
      </marc:datafield>
      <marc:datafield tag="KDN" ind1=" " ind2=" ">
         <marc:subfield code="a">19170212</marc:subfield>
      </marc:datafield>
      <marc:datafield tag="KDU" ind1=" " ind2=" ">
         <marc:subfield code="a">19990210</marc:subfield>
      </marc:datafield>
      <marc:leader>-----nz--a22-----n--4500</marc:leader>
   </marc:record>