
   <marc:record>
      <marc:controlfield tag="001">000007736</marc:controlfield>
      <marc:controlfield tag="003">CZ-PlERL</marc:controlfield>
      <marc:controlfield tag="005">20181030100737.0</marc:controlfield>
      <marc:controlfield tag="008">181030-n-acnnnaabn-----------n-a-a------</marc:controlfield>
      <marc:datafield tag="040" ind1=" " ind2=" ">
         <marc:subfield code="a">PNA001</marc:subfield>
         <marc:subfield code="b">cze</marc:subfield>
      </marc:datafield>
      <marc:datafield tag="100" ind1="1" ind2=" ">
         <marc:subfield code="a">Rušavý, Zdeněk,</marc:subfield>
         <marc:subfield code="d">1952-</marc:subfield>
         <marc:subfield code="7">jn19990216158</marc:subfield>
         <marc:subfield code="s">Prof., MUDr., Ph.D.</marc:subfield>
      </marc:datafield>
      <marc:datafield tag="R02" ind1=" " ind2=" ">
         <marc:subfield code="o">Plzeň-město</marc:subfield>
         <marc:subfield code="m">Plzeň</marc:subfield>
      </marc:datafield>
      <marc:datafield tag="R04" ind1=" " ind2=" ">
         <marc:subfield code="a">Lékařství</marc:subfield>
      </marc:datafield>
      <marc:datafield tag="R05" ind1=" " ind2=" ">
         <marc:subfield code="o">Plzeň-město</marc:subfield>
         <marc:subfield code="m">Plzeň</marc:subfield>
      </marc:datafield>
      <marc:datafield tag="R06" ind1=" " ind2=" ">
         <marc:subfield code="a">lékaři</marc:subfield>
      </marc:datafield>
      <marc:datafield tag="R06" ind1=" " ind2=" ">
         <marc:subfield code="a">internisté</marc:subfield>
      </marc:datafield>
      <marc:datafield tag="R06" ind1=" " ind2=" ">
         <marc:subfield code="a">vysokoškolští učitelé</marc:subfield>
      </marc:datafield>
      <marc:datafield tag="R07" ind1=" " ind2=" ">
         <marc:subfield code="a">Lékař, internista, diabetolog, vysokoškolský pedagog. Po absolvování LF UK v Plzni nastoupil na Interní kliniku FN v Plzni. Poté soustředil svoji odbornou pozornost na intenzívní péče na koronární jednotce, u dialýzovaných pacientů a na diabetologii. V r. 1994 byl jmenován docentem interního lékařství. V letech 1997 – 2002 zastával funkci proděkana pro vědu, vzdělání a zahraniční styky LF UK Plzeň. V r. 2008 byl jmenován profesorem vnitřního lékařství na UK v Praze. Je členem řady odborných společností a podílí se též na přípravě studentů na LF v Plzni.</marc:subfield>
      </marc:datafield>
      <marc:datafield tag="670" ind1=" " ind2=" ">
         <marc:subfield code="a">(r). Noví profesoři se představují: Prof. MUDr. Zdeněk Rušavý, Ph.D. Facultas Nostra, 2009, č. 83, s. s. 9. - 1 fot.</marc:subfield>
      </marc:datafield>
      <marc:datafield tag="678" ind1="0" ind2=" ">
         <marc:subfield code="a">Narozen 7.10.1952 v Plzni. Doc., MUDr., práce z oboru diabetologie a neuropatologie.</marc:subfield>
      </marc:datafield>
      <marc:datafield tag="909" ind1=" " ind2=" ">
         <marc:subfield code="a">CZ</marc:subfield>
      </marc:datafield>
      <marc:datafield tag="IST" ind1=" " ind2=" ">
         <marc:subfield code="a">sa20181030</marc:subfield>
         <marc:subfield code="b">ib</marc:subfield>
      </marc:datafield>
      <marc:datafield tag="KDN" ind1=" " ind2=" ">
         <marc:subfield code="a">19521007</marc:subfield>
      </marc:datafield>
      <marc:leader>-----nz--a22-----n--4500</marc:leader>
   </marc:record>