
   <marc:record>
      <marc:controlfield tag="001">000007740</marc:controlfield>
      <marc:controlfield tag="003">CZ-PlERL</marc:controlfield>
      <marc:controlfield tag="005">20181126115747.0</marc:controlfield>
      <marc:controlfield tag="008">181126-n-acnnnaabn-----------n-a-a------</marc:controlfield>
      <marc:datafield tag="040" ind1=" " ind2=" ">
         <marc:subfield code="a">PNA001</marc:subfield>
         <marc:subfield code="b">cze</marc:subfield>
      </marc:datafield>
      <marc:datafield tag="100" ind1="1" ind2=" ">
         <marc:subfield code="a">Toms, Jaroslav,</marc:subfield>
         <marc:subfield code="d">1933-2018</marc:subfield>
         <marc:subfield code="7">jn20001103658</marc:subfield>
         <marc:subfield code="s">doc. PhDr, CSc.</marc:subfield>
      </marc:datafield>
      <marc:datafield tag="R02" ind1=" " ind2=" ">
         <marc:subfield code="o">Praha</marc:subfield>
         <marc:subfield code="m">Praha</marc:subfield>
      </marc:datafield>
      <marc:datafield tag="R03" ind1=" " ind2=" ">
         <marc:subfield code="o">Plzeň-město</marc:subfield>
         <marc:subfield code="m">Plzeň</marc:subfield>
      </marc:datafield>
      <marc:datafield tag="R04" ind1=" " ind2=" ">
         <marc:subfield code="a">Historie</marc:subfield>
      </marc:datafield>
      <marc:datafield tag="R05" ind1=" " ind2=" ">
         <marc:subfield code="o">Plzeň-město</marc:subfield>
         <marc:subfield code="m">Plzeň</marc:subfield>
      </marc:datafield>
      <marc:datafield tag="R05" ind1=" " ind2=" ">
         <marc:subfield code="o">Karlovy Vary</marc:subfield>
         <marc:subfield code="m">Karlovy Vary</marc:subfield>
      </marc:datafield>
      <marc:datafield tag="R06" ind1=" " ind2=" ">
         <marc:subfield code="a">historici</marc:subfield>
      </marc:datafield>
      <marc:datafield tag="R06" ind1=" " ind2=" ">
         <marc:subfield code="a">vysokoškolští učitelé</marc:subfield>
      </marc:datafield>
      <marc:datafield tag="R07" ind1=" " ind2=" ">
         <marc:subfield code="a">Historik, vysokoškolský učitel. Původně se vyučil horníkem. Po absolvování státního kurzu pro přípravu na vysokou školu vystudoval Pedagogickou fakultu UK a následně v r. 1967 Filozofickou fakultu UK učitelství pro střední školy obor český jazyk - dějepis. Působil jako učitel, školní inspektor i politický pracovník. V r. 1973 nastoupil na Pedagogickou fakultu v Plzni. Vyučoval moderní dějiny, dějiny dělnického hnutí a věnoval se problematice česko německých vztahů. V r. 1996 odešel do důchodu.</marc:subfield>
      </marc:datafield>
      <marc:datafield tag="670" ind1=" " ind2=" ">
         <marc:subfield code="a">Morávková, Naděžda. Doc. PhDr. Jaroslav Toms, CSc. (29. června 1933, Praha - 27. dubna 2018, Plzeň). Bohemiae Occidentalis Historica, 4, 2018, č. 1, s. 94-95.</marc:subfield>
      </marc:datafield>
      <marc:datafield tag="678" ind1="0" ind2=" ">
         <marc:subfield code="a">Narozen 29. 6. 1933 v Praze, zemřel 27. 4. 2018 v Plzni. Doc. PhDr. CSc., historik, vysokoškolský učitel.</marc:subfield>
      </marc:datafield>
      <marc:datafield tag="909" ind1=" " ind2=" ">
         <marc:subfield code="a">CZ</marc:subfield>
      </marc:datafield>
      <marc:datafield tag="IST" ind1=" " ind2=" ">
         <marc:subfield code="a">sa20181126</marc:subfield>
         <marc:subfield code="b">ib</marc:subfield>
      </marc:datafield>
      <marc:datafield tag="KDN" ind1=" " ind2=" ">
         <marc:subfield code="a">19330629</marc:subfield>
      </marc:datafield>
      <marc:datafield tag="KDU" ind1=" " ind2=" ">
         <marc:subfield code="a">20180427</marc:subfield>
      </marc:datafield>
      <marc:leader>-----nz--a22-----n--4500</marc:leader>
   </marc:record>