
   <marc:record>
      <marc:controlfield tag="001">000007741</marc:controlfield>
      <marc:controlfield tag="003">CZ-PlERL</marc:controlfield>
      <marc:controlfield tag="005">20181206120237.0</marc:controlfield>
      <marc:controlfield tag="008">181206-n-acnnnaabn-----------n-a-a------</marc:controlfield>
      <marc:datafield tag="040" ind1=" " ind2=" ">
         <marc:subfield code="a">PNA001</marc:subfield>
         <marc:subfield code="b">cze</marc:subfield>
      </marc:datafield>
      <marc:datafield tag="100" ind1="1" ind2=" ">
         <marc:subfield code="a">Helmová, Marie,</marc:subfield>
         <marc:subfield code="d">1955-2017</marc:subfield>
         <marc:subfield code="s">Mgr.</marc:subfield>
      </marc:datafield>
      <marc:datafield tag="R03" ind1=" " ind2=" ">
         <marc:subfield code="o">Plzeň-město</marc:subfield>
         <marc:subfield code="m">Plzeň</marc:subfield>
      </marc:datafield>
      <marc:datafield tag="R04" ind1=" " ind2=" ">
         <marc:subfield code="a">Školství</marc:subfield>
      </marc:datafield>
      <marc:datafield tag="R05" ind1=" " ind2=" ">
         <marc:subfield code="o">Plzeň-město</marc:subfield>
         <marc:subfield code="m">Plzeň</marc:subfield>
      </marc:datafield>
      <marc:datafield tag="R06" ind1=" " ind2=" ">
         <marc:subfield code="a">středoškolské učitelky</marc:subfield>
      </marc:datafield>
      <marc:datafield tag="R06" ind1=" " ind2=" ">
         <marc:subfield code="a">dobročinnost</marc:subfield>
      </marc:datafield>
      <marc:datafield tag="R07" ind1=" " ind2=" ">
         <marc:subfield code="a">Středoškolská učitelka, zakladatelka Sluníčkové sbírky pro Nadaci pro transplantace kostní dřeně. Na Gymnáziu Luďka Pika v Plzni učila chemii a biologii. Jako jedna z prvních vstoupila do Národního registru dárců kostní dřeně. Do pomoci zapojila i své studenty, 21 let organizovala peněžní sbírku pro Nadaci pro transplantace kostní dřeně. V listopadu 2018 jí byla na gymnáziu odhalena pamětní deska.</marc:subfield>
      </marc:datafield>
      <marc:datafield tag="670" ind1=" " ind2=" ">
         <marc:subfield code="a">Maixnerová, Tereza. Oscar 2002. Učitelčin nápad pomáhá. Plzeňský deník, 10, 2011, 10.XII., č. 287, s. 1, 4. - 1 fot.</marc:subfield>
      </marc:datafield>
      <marc:datafield tag="670" ind1=" " ind2=" ">
         <marc:subfield code="a">Pražáková, Hana. Oceněná učitelka si myslela, že má průšvih. Plzeňský deník, 22, 2013, 29.III., č. 75, s. 2. - 1 fot.</marc:subfield>
      </marc:datafield>
      <marc:datafield tag="670" ind1=" " ind2=" ">
         <marc:subfield code="a">(mrak). Nadace ocenila plzeňské učitelky. Plzeňský deník, 25, 2016, 30.IV., č. 101, s. 3.</marc:subfield>
      </marc:datafield>
      <marc:datafield tag="670" ind1=" " ind2=" ">
         <marc:subfield code="a">Mrázová, Klára. Marie pomáhá nemocným, teď sama bojuje se zákeřnou chorobou. Plzeňský deník, 25, 2016, 7.V., č. 107, s. 1. - 1 fot.</marc:subfield>
      </marc:datafield>
      <marc:datafield tag="670" ind1=" " ind2=" ">
         <marc:subfield code="a">(mrak). Odešla zakladatelka Sluníčkové sbírky Marie Helmová. Plzeňský deník, 26, 2017, 1.XII., č. 278, s. 2. - 1 fot.</marc:subfield>
      </marc:datafield>
      <marc:datafield tag="670" ind1=" " ind2=" ">
         <marc:subfield code="a">Začalo to kapkou, pak sluníčkem. Plzeňský deník, 27, 2018, 29.XI., č. 277, s. 2. - 1 fot.</marc:subfield>
      </marc:datafield>
      <marc:datafield tag="678" ind1="0" ind2=" ">
         <marc:subfield code="a">Středoškolská učitelka, podporovatelka Nadace pro transplantace kostní dřeně. Narozena 1955, zemřela 28. 11. 2018 v Plzni.</marc:subfield>
      </marc:datafield>
      <marc:datafield tag="909" ind1=" " ind2=" ">
         <marc:subfield code="a">CZ</marc:subfield>
      </marc:datafield>
      <marc:datafield tag="IST" ind1=" " ind2=" ">
         <marc:subfield code="a">sa20181206</marc:subfield>
         <marc:subfield code="b">ib</marc:subfield>
      </marc:datafield>
      <marc:datafield tag="KDN" ind1=" " ind2=" ">
         <marc:subfield code="a">19550000</marc:subfield>
      </marc:datafield>
      <marc:datafield tag="KDU" ind1=" " ind2=" ">
         <marc:subfield code="a">20171128</marc:subfield>
      </marc:datafield>
      <marc:leader>-----nz--a22-----n--4500</marc:leader>
   </marc:record>