
   <marc:record>
      <marc:controlfield tag="001">000007744</marc:controlfield>
      <marc:controlfield tag="003">CZ-PlERL</marc:controlfield>
      <marc:controlfield tag="005">20181207104050.0</marc:controlfield>
      <marc:controlfield tag="008">181207-n-acnnnaabn-----------n-a-a------</marc:controlfield>
      <marc:datafield tag="040" ind1=" " ind2=" ">
         <marc:subfield code="a">PNA001</marc:subfield>
         <marc:subfield code="b">cze</marc:subfield>
      </marc:datafield>
      <marc:datafield tag="100" ind1="1" ind2=" ">
         <marc:subfield code="a">Honz, Zdeněk,</marc:subfield>
         <marc:subfield code="d">1953-</marc:subfield>
      </marc:datafield>
      <marc:datafield tag="R02" ind1=" " ind2=" ">
         <marc:subfield code="o">Plzeň-město</marc:subfield>
         <marc:subfield code="m">Plzeň</marc:subfield>
      </marc:datafield>
      <marc:datafield tag="R04" ind1=" " ind2=" ">
         <marc:subfield code="a">Regionální politika</marc:subfield>
      </marc:datafield>
      <marc:datafield tag="R04" ind1=" " ind2=" ">
         <marc:subfield code="a">Veřejná správa</marc:subfield>
      </marc:datafield>
      <marc:datafield tag="R04" ind1=" " ind2=" ">
         <marc:subfield code="a">Školství</marc:subfield>
      </marc:datafield>
      <marc:datafield tag="R05" ind1=" " ind2=" ">
         <marc:subfield code="o">Plzeň-město</marc:subfield>
         <marc:subfield code="m">Plzeň</marc:subfield>
      </marc:datafield>
      <marc:datafield tag="R06" ind1=" " ind2=" ">
         <marc:subfield code="a">regionální politici</marc:subfield>
      </marc:datafield>
      <marc:datafield tag="R06" ind1=" " ind2=" ">
         <marc:subfield code="a">učitelé</marc:subfield>
      </marc:datafield>
      <marc:datafield tag="R06" ind1=" " ind2=" ">
         <marc:subfield code="a">pedagogové</marc:subfield>
      </marc:datafield>
      <marc:datafield tag="R07" ind1=" " ind2=" ">
         <marc:subfield code="a">Regionální politik, pedagog, člen ČSSD. Absolvoval Pedagogickou fakultu v Plzni a poté pracoval jako učitel. V letech 2004-2008 a znovu od r. 2012 byl členem Zastupitelstva Plzeňského kraje. Zastává pozici radního pro oblast sociálních věcí.</marc:subfield>
      </marc:datafield>
      <marc:datafield tag="670" ind1=" " ind2=" ">
         <marc:subfield code="a">Představujeme členy Rady Plzeňského kraje. Plzeňský kraj, 14, 2016, č. 11, s. 6-7. - 9 fot.</marc:subfield>
      </marc:datafield>
      <marc:datafield tag="678" ind1="0" ind2=" ">
         <marc:subfield code="a">Regionální politik, radní Plzeňského kraje za ČSSD. Narozen 21.2.1953 v Plzni.</marc:subfield>
      </marc:datafield>
      <marc:datafield tag="909" ind1=" " ind2=" ">
         <marc:subfield code="a">CZ</marc:subfield>
      </marc:datafield>
      <marc:datafield tag="IST" ind1=" " ind2=" ">
         <marc:subfield code="a">sa20181207</marc:subfield>
         <marc:subfield code="b">ba</marc:subfield>
      </marc:datafield>
      <marc:datafield tag="KDN" ind1=" " ind2=" ">
         <marc:subfield code="a">19530221</marc:subfield>
      </marc:datafield>
      <marc:leader>-----nz--a22-----n--4500</marc:leader>
   </marc:record>