
   <marc:record>
      <marc:controlfield tag="001">000007756</marc:controlfield>
      <marc:controlfield tag="003">CZ-PlERL</marc:controlfield>
      <marc:controlfield tag="005">20181213141341.0</marc:controlfield>
      <marc:controlfield tag="008">181213-n-acnnnaabn-----------n-a-a------</marc:controlfield>
      <marc:datafield tag="040" ind1=" " ind2=" ">
         <marc:subfield code="a">PNA001</marc:subfield>
         <marc:subfield code="b">cze</marc:subfield>
      </marc:datafield>
      <marc:datafield tag="100" ind1="1" ind2=" ">
         <marc:subfield code="a">Vejnar, Zdeněk,</marc:subfield>
         <marc:subfield code="d">1923-</marc:subfield>
         <marc:subfield code="7">jk01141923</marc:subfield>
         <marc:subfield code="s">RNDr., DrSc.</marc:subfield>
      </marc:datafield>
      <marc:datafield tag="R02" ind1=" " ind2=" ">
         <marc:subfield code="o">Domažlice</marc:subfield>
         <marc:subfield code="m">Domažlice</marc:subfield>
      </marc:datafield>
      <marc:datafield tag="R04" ind1=" " ind2=" ">
         <marc:subfield code="a">Geologie</marc:subfield>
      </marc:datafield>
      <marc:datafield tag="R05" ind1=" " ind2=" ">
         <marc:subfield code="o">Praha</marc:subfield>
         <marc:subfield code="m">Praha</marc:subfield>
      </marc:datafield>
      <marc:datafield tag="R06" ind1=" " ind2=" ">
         <marc:subfield code="a">geologové</marc:subfield>
      </marc:datafield>
      <marc:datafield tag="R06" ind1=" " ind2=" ">
         <marc:subfield code="a">odborní publicisté</marc:subfield>
      </marc:datafield>
      <marc:datafield tag="R07" ind1=" " ind2=" ">
         <marc:subfield code="a">Geolog, syn ruského legionáře rotmistra Jindřicha Vejnara, autora knih s legionářskou tématikou. Absolvent domažlického gymnázia. Zabýval se hlavně geologií Šumavy a Českého lesa, působil v Ústředním ústavu geologickém v Praze. Autor publikace Geologie domažlické oblasti (1984).</marc:subfield>
      </marc:datafield>
      <marc:datafield tag="670" ind1=" " ind2=" ">
         <marc:subfield code="a">Vejnar, Zdeněk, RNDr., DrSc. - geolog. Znáte to jméno? Výročí regionálních osobností na srpen 2018. Domažlice, Městská knihovna Boženy Němcové 2018, nestr.</marc:subfield>
      </marc:datafield>
      <marc:datafield tag="678" ind1="0" ind2=" ">
         <marc:subfield code="a">Narozen 27.8.1923 v Domažlicích. RNDr., geolog.</marc:subfield>
      </marc:datafield>
      <marc:datafield tag="909" ind1=" " ind2=" ">
         <marc:subfield code="a">CZ</marc:subfield>
      </marc:datafield>
      <marc:datafield tag="IST" ind1=" " ind2=" ">
         <marc:subfield code="a">sa20181213</marc:subfield>
         <marc:subfield code="b">ba</marc:subfield>
      </marc:datafield>
      <marc:datafield tag="KDN" ind1=" " ind2=" ">
         <marc:subfield code="a">19230827</marc:subfield>
      </marc:datafield>
      <marc:leader>-----nz--a22-----n--4500</marc:leader>
   </marc:record>