
   <marc:record>
      <marc:controlfield tag="001">000007760</marc:controlfield>
      <marc:controlfield tag="003">CZ-PlERL</marc:controlfield>
      <marc:controlfield tag="005">20181217080939.0</marc:controlfield>
      <marc:controlfield tag="008">181217-n-acnnnaabn-----------n-a-a------</marc:controlfield>
      <marc:datafield tag="040" ind1=" " ind2=" ">
         <marc:subfield code="a">PNA001</marc:subfield>
         <marc:subfield code="b">cze</marc:subfield>
      </marc:datafield>
      <marc:datafield tag="100" ind1="1" ind2=" ">
         <marc:subfield code="a">Tarantík, Jiří,</marc:subfield>
         <marc:subfield code="d">1978-</marc:subfield>
         <marc:subfield code="7">pna2013756219</marc:subfield>
      </marc:datafield>
      <marc:datafield tag="R04" ind1=" " ind2=" ">
         <marc:subfield code="a">Hudba</marc:subfield>
      </marc:datafield>
      <marc:datafield tag="R05" ind1=" " ind2=" ">
         <marc:subfield code="o">Plzeň-město</marc:subfield>
         <marc:subfield code="m">Plzeň</marc:subfield>
      </marc:datafield>
      <marc:datafield tag="R06" ind1=" " ind2=" ">
         <marc:subfield code="a">hudební pedagogové</marc:subfield>
      </marc:datafield>
      <marc:datafield tag="R06" ind1=" " ind2=" ">
         <marc:subfield code="a">hudební skladatelé</marc:subfield>
      </marc:datafield>
      <marc:datafield tag="R06" ind1=" " ind2=" ">
         <marc:subfield code="a">hudebníci</marc:subfield>
      </marc:datafield>
      <marc:datafield tag="R07" ind1=" " ind2=" ">
         <marc:subfield code="a">Profesionální hudebník, hudební skladatel a pedagog, hráč na dechové nástroje. Na plzeňské konzervatoři vystudoval hru na lesní roh. Je prvním hornistou opery Divadla J K. Tyla v Plzni. Věnuje se hře na další dechové nástroje (saxofon, basklarinet, křídlovka, kornet, přirozený lesník roh). Působí též v jazzové kapele Zoidberg Quintet.</marc:subfield>
      </marc:datafield>
      <marc:datafield tag="670" ind1=" " ind2=" ">
         <marc:subfield code="a">Tarantík, Jiří. Člověk dokáže víc, než čeká : všestranný muzikant Jiří Tarantík chválí umělecké podhoubí krajské metropole. [Rozh. zapsal] Jan Vitinger. Mladá fronta Dnes : plzeňské vydání, 28, 2017, 15.XII., č. 290, s. 16. - 2 fot.</marc:subfield>
      </marc:datafield>
      <marc:datafield tag="678" ind1="0" ind2=" ">
         <marc:subfield code="a">Narozen 23. 8. 1978. Hudebník, vystudoval obor lesní roh, hraje na různé dechové nástroje, působí v Divadle J. K. Tyla v Plzni a v jazzových hudebních skupinách.</marc:subfield>
      </marc:datafield>
      <marc:datafield tag="909" ind1=" " ind2=" ">
         <marc:subfield code="a">CZ</marc:subfield>
      </marc:datafield>
      <marc:datafield tag="IST" ind1=" " ind2=" ">
         <marc:subfield code="a">sa20181217</marc:subfield>
         <marc:subfield code="b">ib</marc:subfield>
      </marc:datafield>
      <marc:datafield tag="KDN" ind1=" " ind2=" ">
         <marc:subfield code="a">19780823</marc:subfield>
      </marc:datafield>
      <marc:leader>-----nz--a22-----n--4500</marc:leader>
   </marc:record>