
   <marc:record>
      <marc:controlfield tag="001">000007764</marc:controlfield>
      <marc:controlfield tag="003">CZ-PlERL</marc:controlfield>
      <marc:controlfield tag="005">20190820074535.0</marc:controlfield>
      <marc:controlfield tag="008">190122-n-acnnnaabn-----------n-a-a------</marc:controlfield>
      <marc:datafield tag="040" ind1=" " ind2=" ">
         <marc:subfield code="a">PNA001</marc:subfield>
         <marc:subfield code="b">cze</marc:subfield>
      </marc:datafield>
      <marc:datafield tag="100" ind1="1" ind2=" ">
         <marc:subfield code="a">Řezníček, Lukáš,</marc:subfield>
         <marc:subfield code="d">1988-</marc:subfield>
         <marc:subfield code="7">xx0152760</marc:subfield>
      </marc:datafield>
      <marc:datafield tag="R02" ind1=" " ind2=" ">
         <marc:subfield code="o">Plzeň-město</marc:subfield>
         <marc:subfield code="m">Plzeň</marc:subfield>
      </marc:datafield>
      <marc:datafield tag="R04" ind1=" " ind2=" ">
         <marc:subfield code="a">Sochařství</marc:subfield>
      </marc:datafield>
      <marc:datafield tag="R05" ind1=" " ind2=" ">
         <marc:subfield code="o">Plzeň-jih</marc:subfield>
         <marc:subfield code="m">Chválenice</marc:subfield>
      </marc:datafield>
      <marc:datafield tag="R06" ind1=" " ind2=" ">
         <marc:subfield code="a">sochaři</marc:subfield>
      </marc:datafield>
      <marc:datafield tag="R07" ind1=" " ind2=" ">
         <marc:subfield code="a">Kamenosochař, žije v Chválenicích u Plzně. Je autorem kovových plastik u Katedrály sv. Bartoloměje, u budovy Velkého divadla a Velké synagogy v Plzni.</marc:subfield>
      </marc:datafield>
      <marc:datafield tag="670" ind1=" " ind2=" ">
         <marc:subfield code="a">Vaindl, Ladislav. Konec záhady. Autorem plastik je sochař z Chválenic. Mladá fronta Dnes : plzeňské vydání, 29, 2018, 25.I., č. 21, s. 20. - 2 fot.</marc:subfield>
      </marc:datafield>
      <marc:datafield tag="670" ind1=" " ind2=" ">
         <marc:subfield code="a">(tom). Ruce, nohy a škleby už mají autora. Plzeňský deník, 27, 2018, 24.I., č. 20. s. 1. - 3 fot.</marc:subfield>
      </marc:datafield>
      <marc:datafield tag="670" ind1=" " ind2=" ">
         <marc:subfield code="a">Vaindl, Ladislav. Grimasy nezmizí z Plzně navždy. Mladá fronta Dnes : plzeňské vydání, 29, 2018, 31.I., č. 26, Plzeňský Dnes, s. 13. - 1 fot.</marc:subfield>
      </marc:datafield>
      <marc:datafield tag="670" ind1=" " ind2=" ">
         <marc:subfield code="a">Řezníček, Lukáš. Budu raději živořit, než makat ve fabrice. [Rozh. zapsala] Klára Mrázová. Mladá fronta Dnes : plzeňské vydání, 29, 2018, 24.VIII., č. 196, Plzeňský Dnes, s. 12. - 2 fot.</marc:subfield>
      </marc:datafield>
      <marc:datafield tag="678" ind1="0" ind2=" ">
         <marc:subfield code="a">Narozen 23. 2. 1988 v Plzni. Sochař.</marc:subfield>
      </marc:datafield>
      <marc:datafield tag="909" ind1=" " ind2=" ">
         <marc:subfield code="a">CZ</marc:subfield>
      </marc:datafield>
      <marc:datafield tag="IST" ind1=" " ind2=" ">
         <marc:subfield code="a">sa20190122</marc:subfield>
         <marc:subfield code="b">ib</marc:subfield>
      </marc:datafield>
      <marc:datafield tag="KDN" ind1=" " ind2=" ">
         <marc:subfield code="a">19880223</marc:subfield>
      </marc:datafield>
      <marc:leader>-----nz--a22-----n--4500</marc:leader>
   </marc:record>