
   <marc:record>
      <marc:controlfield tag="001">000007765</marc:controlfield>
      <marc:controlfield tag="003">CZ-PlERL</marc:controlfield>
      <marc:controlfield tag="005">20190212124401.0</marc:controlfield>
      <marc:controlfield tag="008">190212-n-acnnnaabn-----------n-a-a------</marc:controlfield>
      <marc:datafield tag="040" ind1=" " ind2=" ">
         <marc:subfield code="a">PNA001</marc:subfield>
         <marc:subfield code="b">cze</marc:subfield>
      </marc:datafield>
      <marc:datafield tag="100" ind1="1" ind2=" ">
         <marc:subfield code="a">Pouchlý, Julius,</marc:subfield>
         <marc:subfield code="d">1927-2016</marc:subfield>
         <marc:subfield code="7">jk01100817</marc:subfield>
      </marc:datafield>
      <marc:datafield tag="R02" ind1=" " ind2=" ">
         <marc:subfield code="o">Rokycany</marc:subfield>
         <marc:subfield code="m">Rokycany</marc:subfield>
      </marc:datafield>
      <marc:datafield tag="R04" ind1=" " ind2=" ">
         <marc:subfield code="a">Vysoké školy</marc:subfield>
      </marc:datafield>
      <marc:datafield tag="R04" ind1=" " ind2=" ">
         <marc:subfield code="a">Fyzikální chemie</marc:subfield>
      </marc:datafield>
      <marc:datafield tag="R04" ind1=" " ind2=" ">
         <marc:subfield code="a">Makromolekulární chemie</marc:subfield>
      </marc:datafield>
      <marc:datafield tag="R04" ind1=" " ind2=" ">
         <marc:subfield code="a">Československá akademie věd</marc:subfield>
      </marc:datafield>
      <marc:datafield tag="R04" ind1=" " ind2=" ">
         <marc:subfield code="a">Vysoká škola chemicko-technologická v Praze</marc:subfield>
      </marc:datafield>
      <marc:datafield tag="R05" ind1=" " ind2=" ">
         <marc:subfield code="o">Praha</marc:subfield>
         <marc:subfield code="m">Praha</marc:subfield>
      </marc:datafield>
      <marc:datafield tag="R05" ind1=" " ind2=" ">
         <marc:subfield code="o">Rokycany</marc:subfield>
         <marc:subfield code="m">Rokycany</marc:subfield>
      </marc:datafield>
      <marc:datafield tag="R06" ind1=" " ind2=" ">
         <marc:subfield code="a">přírodovědci</marc:subfield>
      </marc:datafield>
      <marc:datafield tag="R06" ind1=" " ind2=" ">
         <marc:subfield code="a">vysokoškolští učitelé</marc:subfield>
      </marc:datafield>
      <marc:datafield tag="R06" ind1=" " ind2=" ">
         <marc:subfield code="a">fyzikální chemici</marc:subfield>
      </marc:datafield>
      <marc:datafield tag="R07" ind1=" " ind2=" ">
         <marc:subfield code="a">Vysokoškolský učitel, fyzikální chemik. Narodil se v Rokycanech v rodině armádního důstojníka a po maturitě na rokycanském gymnáziu odešel studovat na České vysoké učení technické do Prahy. Po absolvování studia zde začal vyučovat jako asistent a v r. 1952 přešel na nově vzniklou Vysokou školu chemicko-technologickou. V r. 1960 pak nastoupil do Ústavu makromolekulární chemie Československé akademie věd. Vedle řady vědeckých článků se stal se rovněž autorem oceňovaných vysokoškolských učebnic fyzikální chemie. Pobýval rovněž na vědecké stáži na McGill University v kanadském Montrealu. V r. 1970 mu byla udělena Státní cena za vědu a v r. 1984 získal vědeckou hodnost DrSc.</marc:subfield>
      </marc:datafield>
      <marc:datafield tag="670" ind1=" " ind2=" ">
         <marc:subfield code="a">Jůza, Josef, Pavel Kratochvíl, Miroslava Dušková Smrčková a Milena Josefovičová. Prof. Ing. Julius Pouchlý, DrSc., český fyzikální chemik 22. 8. 1927 - 25. 6. 2016. In: Sborník Muzea Dr. Bohuslava Horáka v Rokycanech. Rokycany : Muzeum Dr. Bohuslava Horáka, č. 30 (2018). S. 89-93. - 4 fot.</marc:subfield>
      </marc:datafield>
      <marc:datafield tag="678" ind1="0" ind2=" ">
         <marc:subfield code="a">Narozen 22. 8. 1927 v Rokycanech, zemřel 25. 6. 2016. Fyzikální chemik a vědec zaměřený v rámci oboru zejména na koloidní a makromolekulární chemii, termodynamiku makromolekulárních soustav aj. (Ústav makromolekulární chemie AV ČR). Působil také a také vysokoškolský pedagog (profesor Katedry fyzikální chemie VŠCHT v Praze). Literatura v oboru.</marc:subfield>
      </marc:datafield>
      <marc:datafield tag="909" ind1=" " ind2=" ">
         <marc:subfield code="a">CZ</marc:subfield>
      </marc:datafield>
      <marc:datafield tag="IST" ind1=" " ind2=" ">
         <marc:subfield code="a">sa20190212</marc:subfield>
         <marc:subfield code="b">ba</marc:subfield>
      </marc:datafield>
      <marc:datafield tag="KDN" ind1=" " ind2=" ">
         <marc:subfield code="a">19270822</marc:subfield>
      </marc:datafield>
      <marc:datafield tag="KDU" ind1=" " ind2=" ">
         <marc:subfield code="a">20160625</marc:subfield>
      </marc:datafield>
      <marc:leader>-----nz--a22-----n--4500</marc:leader>
   </marc:record>