
   <marc:record>
      <marc:controlfield tag="001">000007767</marc:controlfield>
      <marc:controlfield tag="003">CZ-PlERL</marc:controlfield>
      <marc:controlfield tag="005">20190220103638.0</marc:controlfield>
      <marc:controlfield tag="008">190219-n-acnnnaabn-----------n-a-a------</marc:controlfield>
      <marc:datafield tag="040" ind1=" " ind2=" ">
         <marc:subfield code="a">PNA001</marc:subfield>
         <marc:subfield code="b">cze</marc:subfield>
      </marc:datafield>
      <marc:datafield tag="100" ind1="1" ind2=" ">
         <marc:subfield code="a">Weger, Josef,</marc:subfield>
         <marc:subfield code="d">1852-1916</marc:subfield>
         <marc:subfield code="7">jk01151456</marc:subfield>
      </marc:datafield>
      <marc:datafield tag="R02" ind1=" " ind2=" ">
         <marc:subfield code="o">Tábor</marc:subfield>
         <marc:subfield code="m">Tábor</marc:subfield>
      </marc:datafield>
      <marc:datafield tag="R03" ind1=" " ind2=" ">
         <marc:subfield code="o">Praha</marc:subfield>
         <marc:subfield code="m">Praha</marc:subfield>
      </marc:datafield>
      <marc:datafield tag="R04" ind1=" " ind2=" ">
         <marc:subfield code="a">Školství</marc:subfield>
      </marc:datafield>
      <marc:datafield tag="R04" ind1=" " ind2=" ">
         <marc:subfield code="a">Regionální historie</marc:subfield>
      </marc:datafield>
      <marc:datafield tag="R04" ind1=" " ind2=" ">
         <marc:subfield code="a">Kroniky</marc:subfield>
      </marc:datafield>
      <marc:datafield tag="R04" ind1=" " ind2=" ">
         <marc:subfield code="a">Střední školy</marc:subfield>
      </marc:datafield>
      <marc:datafield tag="R05" ind1=" " ind2=" ">
         <marc:subfield code="o">Klatovy</marc:subfield>
         <marc:subfield code="m">Sušice</marc:subfield>
      </marc:datafield>
      <marc:datafield tag="R05" ind1=" " ind2=" ">
         <marc:subfield code="o">Pardubice</marc:subfield>
         <marc:subfield code="m">Pardubice</marc:subfield>
      </marc:datafield>
      <marc:datafield tag="R05" ind1=" " ind2=" ">
         <marc:subfield code="o">Praha</marc:subfield>
         <marc:subfield code="m">Praha</marc:subfield>
      </marc:datafield>
      <marc:datafield tag="R05" ind1=" " ind2=" ">
         <marc:subfield code="o">Svitavy</marc:subfield>
         <marc:subfield code="m">Litomyšl</marc:subfield>
      </marc:datafield>
      <marc:datafield tag="R05" ind1=" " ind2=" ">
         <marc:subfield code="o">Plzeň-město</marc:subfield>
         <marc:subfield code="m">Plzeň</marc:subfield>
      </marc:datafield>
      <marc:datafield tag="R06" ind1=" " ind2=" ">
         <marc:subfield code="a">ředitelé škol</marc:subfield>
      </marc:datafield>
      <marc:datafield tag="R06" ind1=" " ind2=" ">
         <marc:subfield code="a">pedagogové</marc:subfield>
      </marc:datafield>
      <marc:datafield tag="R06" ind1=" " ind2=" ">
         <marc:subfield code="a">učitelé</marc:subfield>
      </marc:datafield>
      <marc:datafield tag="R06" ind1=" " ind2=" ">
         <marc:subfield code="a">historici</marc:subfield>
      </marc:datafield>
      <marc:datafield tag="R06" ind1=" " ind2=" ">
         <marc:subfield code="a">kronikáři</marc:subfield>
      </marc:datafield>
      <marc:datafield tag="R06" ind1=" " ind2=" ">
         <marc:subfield code="a">školní inspektoři</marc:subfield>
      </marc:datafield>
      <marc:datafield tag="R07" ind1=" " ind2=" ">
         <marc:subfield code="a">Historik, pedagog a první ředitel sušické reálky. Pocházel z Tábora, po maturitě na gymnáziu absolvoval studium na Karlo-Ferdinandově univerzitě v Praze a poté nastoupil jako učitel českého jazyka, zeměpisu a dějepisu na reálkách v Kutné Hoře a v Litomyšli, kde se mimo jiné spřátelil s Aloisem Jiráskem. Poté vyučoval na školách v Praze a v r. 1884 byl jmenován řádným profesorem na vyšší reálce v Pardubicích, kde působil rovněž jako městský kronikář. V r. 1891 byl jmenován školním inspektorem pro české školy na Plzeňsku a 31. srpna 1906 se stal prvním ředitelem nově ustavené české reálky v Sušici. Proslul svou péčí o studenty a také zájmem o dějiny školství v regionu. V r. 1915 odešel na odpočinek a odstěhoval se do Prahy, kde následujícího roku zemřel.</marc:subfield>
      </marc:datafield>
      <marc:datafield tag="670" ind1=" " ind2=" ">
         <marc:subfield code="a">Řeháček, Karel. Sušická reálka a její první ředitelé. In: Vlastivědný sborník Muzea Šumavy. [Sv.] 10. Sušice : Muzeum Šumavy a Scriptorium, 2018, s. 297-307. - 3 fot.</marc:subfield>
      </marc:datafield>
      <marc:datafield tag="678" ind1="0" ind2=" ">
         <marc:subfield code="a">Narozen 23. 2. 1852 v Táboře, zemřel 18. 4. 1916 v Praze. Středoškolský profesor, historik, archeolog, práce v oboru regionálních dějin. Kronikář města Pardubic a profesor pardubické reálky, později ředitel reálky v Sušici.</marc:subfield>
      </marc:datafield>
      <marc:datafield tag="909" ind1=" " ind2=" ">
         <marc:subfield code="a">CZ</marc:subfield>
      </marc:datafield>
      <marc:datafield tag="IST" ind1=" " ind2=" ">
         <marc:subfield code="a">sa20190219</marc:subfield>
         <marc:subfield code="b">ba</marc:subfield>
      </marc:datafield>
      <marc:datafield tag="KDN" ind1=" " ind2=" ">
         <marc:subfield code="a">18520223</marc:subfield>
      </marc:datafield>
      <marc:datafield tag="KDU" ind1=" " ind2=" ">
         <marc:subfield code="a">19160418</marc:subfield>
      </marc:datafield>
      <marc:leader>-----nz--a22-----n--4500</marc:leader>
   </marc:record>