
   <marc:record>
      <marc:controlfield tag="001">000007772</marc:controlfield>
      <marc:controlfield tag="003">CZ-PlERL</marc:controlfield>
      <marc:controlfield tag="005">20190221150634.0</marc:controlfield>
      <marc:controlfield tag="008">190221-n-acnnnaabn-----------n-a-a------</marc:controlfield>
      <marc:datafield tag="040" ind1=" " ind2=" ">
         <marc:subfield code="a">PNA001</marc:subfield>
         <marc:subfield code="b">cze</marc:subfield>
      </marc:datafield>
      <marc:datafield tag="100" ind1="1" ind2=" ">
         <marc:subfield code="a">Petr, Bohumil,</marc:subfield>
         <marc:subfield code="d">1902-1974</marc:subfield>
      </marc:datafield>
      <marc:datafield tag="R02" ind1=" " ind2=" ">
         <marc:subfield code="o">Chorvatsko</marc:subfield>
         <marc:subfield code="m">Tomašica</marc:subfield>
      </marc:datafield>
      <marc:datafield tag="R03" ind1=" " ind2=" ">
         <marc:subfield code="o">Karlovy Vary</marc:subfield>
         <marc:subfield code="m">Karlovy Vary</marc:subfield>
      </marc:datafield>
      <marc:datafield tag="R04" ind1=" " ind2=" ">
         <marc:subfield code="a">Školství</marc:subfield>
      </marc:datafield>
      <marc:datafield tag="R04" ind1=" " ind2=" ">
         <marc:subfield code="a">Vlastivěda</marc:subfield>
      </marc:datafield>
      <marc:datafield tag="R04" ind1=" " ind2=" ">
         <marc:subfield code="a">Genealogie</marc:subfield>
      </marc:datafield>
      <marc:datafield tag="R04" ind1=" " ind2=" ">
         <marc:subfield code="a">Regionální dějiny</marc:subfield>
      </marc:datafield>
      <marc:datafield tag="R05" ind1=" " ind2=" ">
         <marc:subfield code="o">Trutnov</marc:subfield>
         <marc:subfield code="m">Bílé Poličany</marc:subfield>
      </marc:datafield>
      <marc:datafield tag="R05" ind1=" " ind2=" ">
         <marc:subfield code="o">Klatovy</marc:subfield>
         <marc:subfield code="m">Sušice</marc:subfield>
      </marc:datafield>
      <marc:datafield tag="R05" ind1=" " ind2=" ">
         <marc:subfield code="o">Klatovy</marc:subfield>
         <marc:subfield code="m">Nezdice</marc:subfield>
      </marc:datafield>
      <marc:datafield tag="R05" ind1=" " ind2=" ">
         <marc:subfield code="o">Klatovy</marc:subfield>
         <marc:subfield code="m">Mokrosuky</marc:subfield>
      </marc:datafield>
      <marc:datafield tag="R05" ind1=" " ind2=" ">
         <marc:subfield code="o">Klatovy</marc:subfield>
         <marc:subfield code="m">Čermná</marc:subfield>
      </marc:datafield>
      <marc:datafield tag="R05" ind1=" " ind2=" ">
         <marc:subfield code="o">Karlovy Vary</marc:subfield>
         <marc:subfield code="m">Karlovy Vary</marc:subfield>
      </marc:datafield>
      <marc:datafield tag="R06" ind1=" " ind2=" ">
         <marc:subfield code="a">učitelé</marc:subfield>
      </marc:datafield>
      <marc:datafield tag="R06" ind1=" " ind2=" ">
         <marc:subfield code="a">pedagogové</marc:subfield>
      </marc:datafield>
      <marc:datafield tag="R06" ind1=" " ind2=" ">
         <marc:subfield code="a">historici</marc:subfield>
      </marc:datafield>
      <marc:datafield tag="R06" ind1=" " ind2=" ">
         <marc:subfield code="a">genealogové</marc:subfield>
      </marc:datafield>
      <marc:datafield tag="R07" ind1=" " ind2=" ">
         <marc:subfield code="a">Učitel, vlastivědný pracovník, regionální historik a genealog. Narodil se v Chorvatsku českým rodičům, kteří se krátce poté vrátili do Čech. Vystudoval učitelský ústav v Kutné Hoře a pak působil jako učitel na různých místech v Čechách, nejdéle v letech 1928-1936 v Bílých Poličanech (okr. Trutnov). V r. 1936 nastoupil jako učitel v Nezdicích na Šumavě a později v Mokrosukách a Čermné (okr. Klatovy). Působil zde také jako vlastivědný badatel, regionální historik a genealog. V r. 1962 se odstěhoval za synem do Karlových Varů, kde v r. 1974 zemřel.</marc:subfield>
      </marc:datafield>
      <marc:datafield tag="670" ind1=" " ind2=" ">
         <marc:subfield code="a">Lhoták, Jan. K životu a dílu Bohumila Petra, vlastivědného badatele Hořicka a Sušicka. In: Vlastivědný sborník Muzea Šumavy. [Sv.] 10. Sušice : Muzeum Šumavy a Scriptorium, 2018, s. 499-503. - 1 fot., bibliografie</marc:subfield>
      </marc:datafield>
      <marc:datafield tag="678" ind1="0" ind2=" ">
         <marc:subfield code="a">Učitel, vlastivědný pracovník, regionální historik a genealog. Narozen 2.3.1902 v Tomašici (Chorvatsko), zemřel 1.11.1974 v Karlových Varech.</marc:subfield>
      </marc:datafield>
      <marc:datafield tag="909" ind1=" " ind2=" ">
         <marc:subfield code="a">CZ</marc:subfield>
      </marc:datafield>
      <marc:datafield tag="IST" ind1=" " ind2=" ">
         <marc:subfield code="a">sa20190221</marc:subfield>
         <marc:subfield code="b">ba</marc:subfield>
      </marc:datafield>
      <marc:datafield tag="KDN" ind1=" " ind2=" ">
         <marc:subfield code="a">19020302</marc:subfield>
      </marc:datafield>
      <marc:datafield tag="KDU" ind1=" " ind2=" ">
         <marc:subfield code="a">19741101</marc:subfield>
      </marc:datafield>
      <marc:leader>-----nz--a22-----n--4500</marc:leader>
   </marc:record>