
   <marc:record>
      <marc:controlfield tag="001">000007778</marc:controlfield>
      <marc:controlfield tag="003">CZ-PlERL</marc:controlfield>
      <marc:controlfield tag="005">20190709084635.0</marc:controlfield>
      <marc:controlfield tag="008">190405-n-acnnnaabn-----------n-a-a------</marc:controlfield>
      <marc:datafield tag="040" ind1=" " ind2=" ">
         <marc:subfield code="a">PNA001</marc:subfield>
         <marc:subfield code="b">cze</marc:subfield>
      </marc:datafield>
      <marc:datafield tag="100" ind1="1" ind2=" ">
         <marc:subfield code="a">Mohylová, Andrea,</marc:subfield>
         <marc:subfield code="d">1987-</marc:subfield>
      </marc:datafield>
      <marc:datafield tag="R02" ind1=" " ind2=" ">
         <marc:subfield code="o">Frýdek-Místek</marc:subfield>
         <marc:subfield code="m">Čeladná</marc:subfield>
      </marc:datafield>
      <marc:datafield tag="R04" ind1=" " ind2=" ">
         <marc:subfield code="a">Divadlo</marc:subfield>
      </marc:datafield>
      <marc:datafield tag="R04" ind1=" " ind2=" ">
         <marc:subfield code="a">Herectví</marc:subfield>
      </marc:datafield>
      <marc:datafield tag="R05" ind1=" " ind2=" ">
         <marc:subfield code="o">Plzeň-město</marc:subfield>
         <marc:subfield code="m">Plzeň</marc:subfield>
      </marc:datafield>
      <marc:datafield tag="R05" ind1=" " ind2=" ">
         <marc:subfield code="o">Ostrava-město</marc:subfield>
         <marc:subfield code="m">Ostrava</marc:subfield>
      </marc:datafield>
      <marc:datafield tag="R06" ind1=" " ind2=" ">
         <marc:subfield code="a">divadelní herečky</marc:subfield>
      </marc:datafield>
      <marc:datafield tag="R07" ind1=" " ind2=" ">
         <marc:subfield code="a">Divadelní herečka. Pochází z Čeladné (okr. Frýdek-Místek), v r. 2007 nastoupila do angažmá v Národním divadle moravskoslezském v Ostravě a od r. 2014 je členkou činohry v Divadle J.K. Tyla v Plzni.</marc:subfield>
      </marc:datafield>
      <marc:datafield tag="670" ind1=" " ind2=" ">
         <marc:subfield code="a">Mohylová, Andrea. Na horách mám pocit pokory. [Rozhovor]. Plzeňský kraj, 16, 2018, č. 7, s. 10-11. - 2 fot.</marc:subfield>
      </marc:datafield>
      <marc:datafield tag="670" ind1=" " ind2=" ">
         <marc:subfield code="a">Mohylová, Andrea. Kouzlo hraní venku? Někdy zima, jindy hmyz. [Rozh. zapsal] Jan Vitinger. Mladá fronta Dnes : plzeňské vydání, 29, 2018, 28.VII., č. 173, s. 18. - 2 fot.</marc:subfield>
      </marc:datafield>
      <marc:datafield tag="678" ind1="0" ind2=" ">
         <marc:subfield code="a">Divadelní herečka, narozena 29.10.1987 v Čeladné (okr. Frýdek-Místek).</marc:subfield>
      </marc:datafield>
      <marc:datafield tag="909" ind1=" " ind2=" ">
         <marc:subfield code="a">CZ</marc:subfield>
      </marc:datafield>
      <marc:datafield tag="IST" ind1=" " ind2=" ">
         <marc:subfield code="a">sa20190405</marc:subfield>
         <marc:subfield code="b">ba</marc:subfield>
      </marc:datafield>
      <marc:datafield tag="KDN" ind1=" " ind2=" ">
         <marc:subfield code="a">19871029</marc:subfield>
      </marc:datafield>
      <marc:leader>-----nz--a22-----n--4500</marc:leader>
   </marc:record>