
   <marc:record>
      <marc:controlfield tag="001">000007779</marc:controlfield>
      <marc:controlfield tag="003">CZ-PlERL</marc:controlfield>
      <marc:controlfield tag="005">20190410123823.0</marc:controlfield>
      <marc:controlfield tag="008">190410-n-acnnnaabn-----------n-a-a------</marc:controlfield>
      <marc:datafield tag="040" ind1=" " ind2=" ">
         <marc:subfield code="a">PNA001</marc:subfield>
         <marc:subfield code="b">cze</marc:subfield>
      </marc:datafield>
      <marc:datafield tag="100" ind1="1" ind2=" ">
         <marc:subfield code="a">Taubenhansl, Vladislav,</marc:subfield>
         <marc:subfield code="d">1929-2001</marc:subfield>
         <marc:subfield code="7">hka2018987081</marc:subfield>
      </marc:datafield>
      <marc:datafield tag="R02" ind1=" " ind2=" ">
         <marc:subfield code="o">Rakovník</marc:subfield>
         <marc:subfield code="m">Zavidov</marc:subfield>
      </marc:datafield>
      <marc:datafield tag="R04" ind1=" " ind2=" ">
         <marc:subfield code="a">Učitelská profese</marc:subfield>
      </marc:datafield>
      <marc:datafield tag="R05" ind1=" " ind2=" ">
         <marc:subfield code="o">Domažlice</marc:subfield>
         <marc:subfield code="m">Bělá nad Radbuzou</marc:subfield>
      </marc:datafield>
      <marc:datafield tag="R06" ind1=" " ind2=" ">
         <marc:subfield code="a">učitelé</marc:subfield>
      </marc:datafield>
      <marc:datafield tag="R07" ind1=" " ind2=" ">
         <marc:subfield code="a">Narozen v Zavidově u Rakovníka, na začátku nacistické okupace se jeho rodina přestěhovala na Domažlicko. Po skončení války studoval učitelství v Plzni a působil na Domažlicku jako učitel. V letech 1967-1993 vyučoval v Bělé na Radbuzou. Vedle své pedagogické profese byla též známý pro svoji zálibu v rybaření a elektrotechnice.</marc:subfield>
      </marc:datafield>
      <marc:datafield tag="670" ind1=" " ind2=" ">
         <marc:subfield code="a">Hoffmannová, Hana. Kniha připomíná bělského kantora. [Rozh. zaps.] (job). Domažlický deník, 27, 2018, 18. V., č. 114, s. 2. - 1 fot.</marc:subfield>
      </marc:datafield>
      <marc:datafield tag="678" ind1="0" ind2=" ">
         <marc:subfield code="a">Narozen 23. 3. 1929 v Zavidově, zemřel 21. 8. 2001. Učitel, autor knihy autobiografického vypravování.</marc:subfield>
      </marc:datafield>
      <marc:datafield tag="909" ind1=" " ind2=" ">
         <marc:subfield code="a">CZ</marc:subfield>
      </marc:datafield>
      <marc:datafield tag="IST" ind1=" " ind2=" ">
         <marc:subfield code="a">sa20190410</marc:subfield>
         <marc:subfield code="b">ve</marc:subfield>
      </marc:datafield>
      <marc:datafield tag="KDN" ind1=" " ind2=" ">
         <marc:subfield code="a">19290323</marc:subfield>
      </marc:datafield>
      <marc:datafield tag="KDU" ind1=" " ind2=" ">
         <marc:subfield code="a">20010000</marc:subfield>
      </marc:datafield>
      <marc:leader>-----nz--a22-----n--4500</marc:leader>
   </marc:record>