
   <marc:record>
      <marc:controlfield tag="001">000007786</marc:controlfield>
      <marc:controlfield tag="003">CZ-PlERL</marc:controlfield>
      <marc:controlfield tag="005">20190416134627.0</marc:controlfield>
      <marc:controlfield tag="008">190416-n-acnnnaabn-----------n-a-a------</marc:controlfield>
      <marc:datafield tag="040" ind1=" " ind2=" ">
         <marc:subfield code="a">PNA001</marc:subfield>
         <marc:subfield code="b">cze</marc:subfield>
      </marc:datafield>
      <marc:datafield tag="100" ind1="1" ind2=" ">
         <marc:subfield code="a">Štěpánek, Patrik,</marc:subfield>
         <marc:subfield code="d">1993-2018</marc:subfield>
      </marc:datafield>
      <marc:datafield tag="R02" ind1=" " ind2=" ">
         <marc:subfield code="o">Plzeň-město</marc:subfield>
         <marc:subfield code="m">Plzeň</marc:subfield>
      </marc:datafield>
      <marc:datafield tag="R03" ind1=" " ind2=" ">
         <marc:subfield code="o">Afghánistán</marc:subfield>
         <marc:subfield code="m">Bagram</marc:subfield>
      </marc:datafield>
      <marc:datafield tag="R04" ind1=" " ind2=" ">
         <marc:subfield code="a">Armáda</marc:subfield>
      </marc:datafield>
      <marc:datafield tag="R04" ind1=" " ind2=" ">
         <marc:subfield code="a">Ozbrojené síly</marc:subfield>
      </marc:datafield>
      <marc:datafield tag="R04" ind1=" " ind2=" ">
         <marc:subfield code="a">Válka v Afghánistánu 2001-</marc:subfield>
      </marc:datafield>
      <marc:datafield tag="R05" ind1=" " ind2=" ">
         <marc:subfield code="o">Afghánistán</marc:subfield>
         <marc:subfield code="m">Bagram</marc:subfield>
      </marc:datafield>
      <marc:datafield tag="R05" ind1=" " ind2=" ">
         <marc:subfield code="o">Příbram</marc:subfield>
         <marc:subfield code="m">Jince</marc:subfield>
      </marc:datafield>
      <marc:datafield tag="R05" ind1=" " ind2=" ">
         <marc:subfield code="o">Tábor</marc:subfield>
         <marc:subfield code="m">Tábor</marc:subfield>
      </marc:datafield>
      <marc:datafield tag="R06" ind1=" " ind2=" ">
         <marc:subfield code="a">vojáci</marc:subfield>
      </marc:datafield>
      <marc:datafield tag="R07" ind1=" " ind2=" ">
         <marc:subfield code="a">Voják. V r. 2014 dokončil studia na SOŠ elektrotechnické v Plzni a v r. 2015 nastoupil přípravnou vojenskou službu ve Vyškově. Po jejím absolvování byl přeložen k 13. dělostřeleckému pluku v Jincích. V lednu 2017 se stal příslušníkem 2. mechanizované roty 42. mechanizovaného praporu v Táboře a v dubnu 2018 odjel jako starší střelec 1. strážního družstva 10. strážní roty BAF do Afghánistánu na svou první zahraniční operaci. Zde zahynul 5. srpna 2018 po útoku sebevražedného atentátníka nedaleko základny Bagram.</marc:subfield>
      </marc:datafield>
      <marc:datafield tag="670" ind1=" " ind2=" ">
         <marc:subfield code="a">Bernard, Josef. Hejtman opět ocenil odvážné občanské postoje. [Rozhovor]. Plzeňský kraj, 16, 2018, č. 11, s. 4-5. - 7 fot.</marc:subfield>
      </marc:datafield>
      <marc:datafield tag="678" ind1="0" ind2=" ">
         <marc:subfield code="a">Voják. Narozen 14.9.1993 v Plzni, zahynul 5.8.2018 v Afghánistánu.</marc:subfield>
      </marc:datafield>
      <marc:datafield tag="909" ind1=" " ind2=" ">
         <marc:subfield code="a">CZ</marc:subfield>
      </marc:datafield>
      <marc:datafield tag="IST" ind1=" " ind2=" ">
         <marc:subfield code="a">sa20190416</marc:subfield>
         <marc:subfield code="b">ba</marc:subfield>
      </marc:datafield>
      <marc:datafield tag="KDN" ind1=" " ind2=" ">
         <marc:subfield code="a">19930914</marc:subfield>
      </marc:datafield>
      <marc:datafield tag="KDU" ind1=" " ind2=" ">
         <marc:subfield code="a">20180805</marc:subfield>
      </marc:datafield>
      <marc:leader>-----nz--a22-----n--4500</marc:leader>
   </marc:record>