
   <marc:record>
      <marc:controlfield tag="001">000007787</marc:controlfield>
      <marc:controlfield tag="003">CZ-PlERL</marc:controlfield>
      <marc:controlfield tag="005">20190418083744.0</marc:controlfield>
      <marc:controlfield tag="008">190418-n-acnnnaabn-----------n-a-a------</marc:controlfield>
      <marc:datafield tag="040" ind1=" " ind2=" ">
         <marc:subfield code="a">PNA001</marc:subfield>
         <marc:subfield code="b">cze</marc:subfield>
      </marc:datafield>
      <marc:datafield tag="100" ind1="1" ind2=" ">
         <marc:subfield code="a">Lahoda, Zdeněk</marc:subfield>
         <marc:subfield code="7">mzk2010593196</marc:subfield>
      </marc:datafield>
      <marc:datafield tag="R04" ind1=" " ind2=" ">
         <marc:subfield code="a">Hudba</marc:subfield>
      </marc:datafield>
      <marc:datafield tag="R05" ind1=" " ind2=" ">
         <marc:subfield code="o">Plzeň-město</marc:subfield>
         <marc:subfield code="m">Plzeň</marc:subfield>
      </marc:datafield>
      <marc:datafield tag="R06" ind1=" " ind2=" ">
         <marc:subfield code="a">hudebníci</marc:subfield>
      </marc:datafield>
      <marc:datafield tag="R06" ind1=" " ind2=" ">
         <marc:subfield code="a">hudební skladatelé</marc:subfield>
      </marc:datafield>
      <marc:datafield tag="R06" ind1=" " ind2=" ">
         <marc:subfield code="a">zpěváci</marc:subfield>
      </marc:datafield>
      <marc:datafield tag="R07" ind1=" " ind2=" ">
         <marc:subfield code="a">Absolvent SPŠ výroby hudebních nástrojů v Kraslicích a PF v Plzni. Působil jako pedagog, byl členem operního sboru DJKT v Plzni. Zpíval též ve dvou rockových skupinách a několika sborech, např. Nová Česká píseň, Hlasoplet, s Vilémem Dubničkou tvoří duo Dubnička-Lahoda.</marc:subfield>
      </marc:datafield>
      <marc:datafield tag="670" ind1=" " ind2=" ">
         <marc:subfield code="a">Dubnička, Vilém, Zdeněk Lahoda. Písničky si člověka přitáhnou : muzikantské duo Dubnička a Lahoda ani po deseti letech neomrzela tvorba, jež baví hlavně děti. [Rozh. zapsala] Lucie Sýkorová. Mladá fronta Dnes : plzeňské vydání, 27, 2016, 3.XII., č. 282, s. 18. - 1 fot.</marc:subfield>
      </marc:datafield>
      <marc:datafield tag="670" ind1=" " ind2=" ">
         <marc:subfield code="a">Dubnička, Vilém, Zdeněk Lahoda. Jsme vlastně youtubeři : duo Dubnička - Lahoda se rozhodlo vstoupit do prostoru, kde se rodí hvězdy dnešních mladých. [Rozh. zapsala] Lucie Sýkorová. Mladá fronta Dnes : plzeňské vydání, 29, 2018, 30.IV., č. 100, s. 14. - 1 fot.</marc:subfield>
      </marc:datafield>
      <marc:datafield tag="670" ind1=" " ind2=" ">
         <marc:subfield code="a">Dubnička a Lahoda mají kabaret. Plzeňský deník, 28, 2019 , 5.IV., č. 81, s. 3. - 1 fot.</marc:subfield>
      </marc:datafield>
      <marc:datafield tag="678" ind1="0" ind2=" ">
         <marc:subfield code="a">Zpěvák, hudebník, sbormistr, hudební aranžér, pedagog, též herec a moderátor.</marc:subfield>
      </marc:datafield>
      <marc:datafield tag="909" ind1=" " ind2=" ">
         <marc:subfield code="a">CZ</marc:subfield>
      </marc:datafield>
      <marc:datafield tag="IST" ind1=" " ind2=" ">
         <marc:subfield code="a">sa20190418</marc:subfield>
         <marc:subfield code="b">ib</marc:subfield>
      </marc:datafield>
      <marc:leader>-----nz--a22-----n--4500</marc:leader>
   </marc:record>