
   <marc:record>
      <marc:controlfield tag="001">000007791</marc:controlfield>
      <marc:controlfield tag="003">CZ-PlERL</marc:controlfield>
      <marc:controlfield tag="005">20190516124749.0</marc:controlfield>
      <marc:controlfield tag="008">190516-n-acnnnaabn-----------n-a-a------</marc:controlfield>
      <marc:datafield tag="040" ind1=" " ind2=" ">
         <marc:subfield code="a">PNA001</marc:subfield>
         <marc:subfield code="b">cze</marc:subfield>
      </marc:datafield>
      <marc:datafield tag="100" ind1="1" ind2=" ">
         <marc:subfield code="a">Varvařovská, Jana,</marc:subfield>
         <marc:subfield code="d">1951-2010</marc:subfield>
         <marc:subfield code="7">xx0081920</marc:subfield>
         <marc:subfield code="s">Doc., MUDr., Ph.D.</marc:subfield>
      </marc:datafield>
      <marc:datafield tag="R04" ind1=" " ind2=" ">
         <marc:subfield code="a">Lékařství</marc:subfield>
      </marc:datafield>
      <marc:datafield tag="R05" ind1=" " ind2=" ">
         <marc:subfield code="o">Plzeň-město</marc:subfield>
         <marc:subfield code="m">Plzeň</marc:subfield>
      </marc:datafield>
      <marc:datafield tag="R06" ind1=" " ind2=" ">
         <marc:subfield code="a">lékařky</marc:subfield>
      </marc:datafield>
      <marc:datafield tag="R06" ind1=" " ind2=" ">
         <marc:subfield code="a">vysokoškolské učitelky</marc:subfield>
      </marc:datafield>
      <marc:datafield tag="R07" ind1=" " ind2=" ">
         <marc:subfield code="a">Docentka dětského lékařství, odborná asistentka na LF UK v Plzni. Promovala na LF UK v Plzni, od r. 1975 pracovala na Dětské klinice FN v Plzni. Věnovala se dětské imunologii a alergologii a také diabetologii. Publikovala 50 odborných prací, z toho řadu zahraničních.</marc:subfield>
      </marc:datafield>
      <marc:datafield tag="670" ind1=" " ind2=" ">
         <marc:subfield code="a">Stožický, František. Doc. MUDr. Jana Varvařovská, Ph.D. (24. 1. 1951 - 20. 2. 2010). In: 65 let Lékařské fakulty Univerzity Karlovy v Plzni. V Praze : Karolinum, 2010. S. 37. - 1 fot. - (Plzeňský lékařský sborník, Supplementum 83/2010). - ISBN 978-80-246-1866-1, ISSN 0139-603X</marc:subfield>
      </marc:datafield>
      <marc:datafield tag="678" ind1="0" ind2=" ">
         <marc:subfield code="a">Narozena 24.1.1951, zemřela 20.2.2010. MUDr., PhD., docentka na Dětské klinice LF UK a FN v Plzni, ordinářka pro dětskou imunologii a alergologii.</marc:subfield>
      </marc:datafield>
      <marc:datafield tag="909" ind1=" " ind2=" ">
         <marc:subfield code="a">CZ</marc:subfield>
      </marc:datafield>
      <marc:datafield tag="IST" ind1=" " ind2=" ">
         <marc:subfield code="a">sa20190516</marc:subfield>
         <marc:subfield code="b">ib</marc:subfield>
      </marc:datafield>
      <marc:datafield tag="KDN" ind1=" " ind2=" ">
         <marc:subfield code="a">19510124</marc:subfield>
      </marc:datafield>
      <marc:datafield tag="KDU" ind1=" " ind2=" ">
         <marc:subfield code="a">20100220</marc:subfield>
      </marc:datafield>
      <marc:leader>-----nz--a22-----n--4500</marc:leader>
   </marc:record>