
   <marc:record>
      <marc:controlfield tag="001">000007792</marc:controlfield>
      <marc:controlfield tag="003">CZ-PlERL</marc:controlfield>
      <marc:controlfield tag="005">20190516141351.0</marc:controlfield>
      <marc:controlfield tag="008">190516-n-acnnnaabn-----------n-a-a------</marc:controlfield>
      <marc:datafield tag="040" ind1=" " ind2=" ">
         <marc:subfield code="a">PNA001</marc:subfield>
         <marc:subfield code="b">cze</marc:subfield>
      </marc:datafield>
      <marc:datafield tag="100" ind1="1" ind2=" ">
         <marc:subfield code="a">Čech, Antonín,</marc:subfield>
         <marc:subfield code="d">1898-1970</marc:subfield>
         <marc:subfield code="7">xx0076007</marc:subfield>
      </marc:datafield>
      <marc:datafield tag="R02" ind1=" " ind2=" ">
         <marc:subfield code="o">Plzeň-sever</marc:subfield>
         <marc:subfield code="m">Záluží</marc:subfield>
      </marc:datafield>
      <marc:datafield tag="R03" ind1=" " ind2=" ">
         <marc:subfield code="o">Plzeň-město</marc:subfield>
         <marc:subfield code="m">Plzeň</marc:subfield>
      </marc:datafield>
      <marc:datafield tag="R04" ind1=" " ind2=" ">
         <marc:subfield code="a">Lékařství</marc:subfield>
      </marc:datafield>
      <marc:datafield tag="R04" ind1=" " ind2=" ">
         <marc:subfield code="a">Zdravotnictví</marc:subfield>
      </marc:datafield>
      <marc:datafield tag="R05" ind1=" " ind2=" ">
         <marc:subfield code="o">Plzeň-město</marc:subfield>
         <marc:subfield code="m">Plzeň</marc:subfield>
      </marc:datafield>
      <marc:datafield tag="R06" ind1=" " ind2=" ">
         <marc:subfield code="a">pracovní lékařství</marc:subfield>
      </marc:datafield>
      <marc:datafield tag="R06" ind1=" " ind2=" ">
         <marc:subfield code="a">primáři</marc:subfield>
      </marc:datafield>
      <marc:datafield tag="R07" ind1=" " ind2=" ">
         <marc:subfield code="a">Narozen v Záluží u Plzně. V roce 1914 začal studovat na Vyšší průmyslové škole strojní. Účastil se první světové války i války s Maďarskou republikou rad. Od roku 1920 pracoval v ocelárně Škodových závodů, začal však rovněž studium medicíny, které úspěšně ukončil v lednu 1929 promocí na Lékařské fakultě. Od 1. dubna 1939 primářem Všeobecné nemocnice v Plzni. Zasadil se o zřízení pobočky LF UK v Plzni. 31. května 1949 uvolněn z funkce primáře. 29. července 1950 zatčen a 30. června 1951 odsouzen za zločin velezrady a vyzvědačství. 10. května 1960 amnestován, roku 1970 umírá ve Fakultní nemocnici Plzeň.</marc:subfield>
      </marc:datafield>
      <marc:datafield tag="670" ind1=" " ind2=" ">
         <marc:subfield code="a">Hejda, V. Prim. MUDr. Antonín Čech (25. 1. 1898 - 1970). In: 50 let Lékařské fakulty Univerzity Karlovy v Plzni: 1945-1995. Praha: Univerzita Karlova, vydavatelství Karolinum, 1995. S. 39-40. - 1 fot. - (Plzeňský lékařský sborník). - ISSN 0139-603X</marc:subfield>
      </marc:datafield>
      <marc:datafield tag="678" ind1="0" ind2=" ">
         <marc:subfield code="a">Narozen 25.1.1898, zemřel 20.1.1970. Prim. MUDr. Působil jako asistent Hlavova patologicko-anatomického ústavu v Praze, poté jako primář prosektury Všeobecné nemocnice v Plzni.</marc:subfield>
      </marc:datafield>
      <marc:datafield tag="909" ind1=" " ind2=" ">
         <marc:subfield code="a">CZ</marc:subfield>
      </marc:datafield>
      <marc:datafield tag="IST" ind1=" " ind2=" ">
         <marc:subfield code="a">sa20190516</marc:subfield>
         <marc:subfield code="b">ve</marc:subfield>
      </marc:datafield>
      <marc:datafield tag="KDN" ind1=" " ind2=" ">
         <marc:subfield code="a">18980125</marc:subfield>
      </marc:datafield>
      <marc:datafield tag="KDU" ind1=" " ind2=" ">
         <marc:subfield code="a">19700000</marc:subfield>
      </marc:datafield>
      <marc:leader>-----nz--a22-----n--4500</marc:leader>
   </marc:record>