
   <marc:record>
      <marc:controlfield tag="001">000007796</marc:controlfield>
      <marc:controlfield tag="003">CZ-PlERL</marc:controlfield>
      <marc:controlfield tag="005">20190520124435.0</marc:controlfield>
      <marc:controlfield tag="008">190520-n-acnnnaabn-----------n-a-a------</marc:controlfield>
      <marc:datafield tag="040" ind1=" " ind2=" ">
         <marc:subfield code="a">PNA001</marc:subfield>
         <marc:subfield code="b">cze</marc:subfield>
      </marc:datafield>
      <marc:datafield tag="100" ind1="1" ind2=" ">
         <marc:subfield code="a">Švejda, Josef,</marc:subfield>
         <marc:subfield code="d">1905-1991</marc:subfield>
         <marc:subfield code="7">jk01131916</marc:subfield>
      </marc:datafield>
      <marc:datafield tag="R02" ind1=" " ind2=" ">
         <marc:subfield code="o">České Budějovice</marc:subfield>
         <marc:subfield code="m">České Budějovice</marc:subfield>
      </marc:datafield>
      <marc:datafield tag="R04" ind1=" " ind2=" ">
         <marc:subfield code="a">Lékařství</marc:subfield>
      </marc:datafield>
      <marc:datafield tag="R04" ind1=" " ind2=" ">
         <marc:subfield code="a">Zdravotnictví</marc:subfield>
      </marc:datafield>
      <marc:datafield tag="R05" ind1=" " ind2=" ">
         <marc:subfield code="o">Plzeň-město</marc:subfield>
         <marc:subfield code="m">Plzeň</marc:subfield>
      </marc:datafield>
      <marc:datafield tag="R06" ind1=" " ind2=" ">
         <marc:subfield code="a">pracovní lékařství</marc:subfield>
      </marc:datafield>
      <marc:datafield tag="R06" ind1=" " ind2=" ">
         <marc:subfield code="a">stomatologové</marc:subfield>
      </marc:datafield>
      <marc:datafield tag="R06" ind1=" " ind2=" ">
         <marc:subfield code="a">proděkani</marc:subfield>
      </marc:datafield>
      <marc:datafield tag="R07" ind1=" " ind2=" ">
         <marc:subfield code="a">Na místo přednosty stomatologické kliniky do Plzně přišel jako docent v r. 1954. Zasloužil se o rozvoj stomatologie v Plzni (vybudování protetického oddělení). V roce 1959 byl jmenován řádným vysokoškolským profesorem. Z Plzně odešel roku 1960 do Brna, kde nastoupil do funkce přednosty brněnské II. stomatologické kliniky.</marc:subfield>
      </marc:datafield>
      <marc:datafield tag="670" ind1=" " ind2=" ">
         <marc:subfield code="a">Průcha, J. Prof. MUDr. Josef Švejda, DrSc. (1905-1992). In: 50 let Lékařské fakulty Univerzity Karlovy v Plzni: 1945-1995. Praha: Univerzita Karlova, vydavatelství Karolinum, 1995. S. 58. - 1 fot. - (Plzeňský lékařský sborník). - ISSN 0139-603X</marc:subfield>
      </marc:datafield>
      <marc:datafield tag="678" ind1="0" ind2=" ">
         <marc:subfield code="a">Narozen 12. 9. 1905 v Českých Budějovicích, zemřel 1991. MUDr., DrSc., profesor stomatologie, publikace z oboru, věnoval se zejména stomatologické onkologii a protetice.</marc:subfield>
      </marc:datafield>
      <marc:datafield tag="909" ind1=" " ind2=" ">
         <marc:subfield code="a">CZ</marc:subfield>
      </marc:datafield>
      <marc:datafield tag="IST" ind1=" " ind2=" ">
         <marc:subfield code="a">sa20190520</marc:subfield>
         <marc:subfield code="b">ve</marc:subfield>
      </marc:datafield>
      <marc:datafield tag="KDN" ind1=" " ind2=" ">
         <marc:subfield code="a">19050912</marc:subfield>
      </marc:datafield>
      <marc:datafield tag="KDU" ind1=" " ind2=" ">
         <marc:subfield code="a">19910000</marc:subfield>
      </marc:datafield>
      <marc:leader>-----nz--a22-----n--4500</marc:leader>
   </marc:record>