
   <marc:record>
      <marc:controlfield tag="001">000007800</marc:controlfield>
      <marc:controlfield tag="003">CZ-PlERL</marc:controlfield>
      <marc:controlfield tag="005">20190612152249.0</marc:controlfield>
      <marc:controlfield tag="008">190612-n-acnnnaabn-----------n-a-a------</marc:controlfield>
      <marc:datafield tag="040" ind1=" " ind2=" ">
         <marc:subfield code="a">PNA001</marc:subfield>
         <marc:subfield code="b">cze</marc:subfield>
      </marc:datafield>
      <marc:datafield tag="100" ind1="1" ind2=" ">
         <marc:subfield code="a">Pyšek, Petr,</marc:subfield>
         <marc:subfield code="d">1958-</marc:subfield>
         <marc:subfield code="7">xx0002620</marc:subfield>
      </marc:datafield>
      <marc:datafield tag="R02" ind1=" " ind2=" ">
         <marc:subfield code="o">Karlovy Vary</marc:subfield>
         <marc:subfield code="m">Karlovy Vary</marc:subfield>
      </marc:datafield>
      <marc:datafield tag="R04" ind1=" " ind2=" ">
         <marc:subfield code="a">Botanika</marc:subfield>
      </marc:datafield>
      <marc:datafield tag="R04" ind1=" " ind2=" ">
         <marc:subfield code="a">Ekologie</marc:subfield>
      </marc:datafield>
      <marc:datafield tag="R05" ind1=" " ind2=" ">
         <marc:subfield code="o">Praha</marc:subfield>
         <marc:subfield code="m">Praha</marc:subfield>
      </marc:datafield>
      <marc:datafield tag="R06" ind1=" " ind2=" ">
         <marc:subfield code="a">botanici</marc:subfield>
      </marc:datafield>
      <marc:datafield tag="R06" ind1=" " ind2=" ">
         <marc:subfield code="a">přírodovědci</marc:subfield>
      </marc:datafield>
      <marc:datafield tag="R06" ind1=" " ind2=" ">
         <marc:subfield code="a">ekologové</marc:subfield>
      </marc:datafield>
      <marc:datafield tag="R06" ind1=" " ind2=" ">
         <marc:subfield code="a">odborní publicisté</marc:subfield>
      </marc:datafield>
      <marc:datafield tag="R07" ind1=" " ind2=" ">
         <marc:subfield code="a">Botanik, pracovník Botanického ústavu AV ČR. Pochází z Karlových Varů a vystudoval geobotaniku na Přírodovědecké fakultě UK v Praze. Patří mezi nejcitovanější vědce světa v oboru ekologie, v r. 2010 získal cenu Praemium Academiae a v r. 2016 Cenu Františka Běhounka. V r. 2011 byl zvolen členem Učené společnosti ČR a jako celkové ocenění své práce získal cenu Neuron 2018 za významný vědecký objev. Je dlouhodobě spjatý se Západočeskou pobočkou České botanické společnosti.</marc:subfield>
      </marc:datafield>
      <marc:datafield tag="670" ind1=" " ind2=" ">
         <marc:subfield code="a">Pecháčková, Sylvie. Mladý šedesátník Petr Pyšek. Calluna : Časopis západočeských botaniků, 24, 2019, č. 1, s. 21-22. - 1 fot. ISSN 2464-5648.</marc:subfield>
      </marc:datafield>
      <marc:datafield tag="678" ind1="0" ind2=" ">
         <marc:subfield code="a">Narozen 10. 2. 1958. Doc., RNDr., CSc, botanik, práce z oboru botaniky, ekologie a překlady z angličtiny, zejména publikace o rockové hudbě.</marc:subfield>
      </marc:datafield>
      <marc:datafield tag="909" ind1=" " ind2=" ">
         <marc:subfield code="a">CZ</marc:subfield>
      </marc:datafield>
      <marc:datafield tag="IST" ind1=" " ind2=" ">
         <marc:subfield code="a">sa20190612</marc:subfield>
         <marc:subfield code="b">ba</marc:subfield>
      </marc:datafield>
      <marc:datafield tag="KDN" ind1=" " ind2=" ">
         <marc:subfield code="a">195820210</marc:subfield>
      </marc:datafield>
      <marc:leader>-----nz--a22-----n--4500</marc:leader>
   </marc:record>