
   <marc:record>
      <marc:controlfield tag="001">000007802</marc:controlfield>
      <marc:controlfield tag="003">CZ-PlERL</marc:controlfield>
      <marc:controlfield tag="005">20190624132319.0</marc:controlfield>
      <marc:controlfield tag="008">190624-n-acnnnaabn-----------n-a-a------</marc:controlfield>
      <marc:datafield tag="040" ind1=" " ind2=" ">
         <marc:subfield code="a">PNA001</marc:subfield>
         <marc:subfield code="b">cze</marc:subfield>
      </marc:datafield>
      <marc:datafield tag="100" ind1="1" ind2=" ">
         <marc:subfield code="a">Došlý, Václav,</marc:subfield>
         <marc:subfield code="d">1911-2001</marc:subfield>
         <marc:subfield code="7">pna20191034492</marc:subfield>
      </marc:datafield>
      <marc:datafield tag="R02" ind1=" " ind2=" ">
         <marc:subfield code="o">Prostějov</marc:subfield>
         <marc:subfield code="m">Prostějov</marc:subfield>
      </marc:datafield>
      <marc:datafield tag="R03" ind1=" " ind2=" ">
         <marc:subfield code="o">Rokycany</marc:subfield>
         <marc:subfield code="m">Mirošov</marc:subfield>
      </marc:datafield>
      <marc:datafield tag="R04" ind1=" " ind2=" ">
         <marc:subfield code="a">Fotografie</marc:subfield>
      </marc:datafield>
      <marc:datafield tag="R04" ind1=" " ind2=" ">
         <marc:subfield code="a">Školství</marc:subfield>
      </marc:datafield>
      <marc:datafield tag="R05" ind1=" " ind2=" ">
         <marc:subfield code="o">Plzeň-sever</marc:subfield>
         <marc:subfield code="m">Plasy</marc:subfield>
      </marc:datafield>
      <marc:datafield tag="R06" ind1=" " ind2=" ">
         <marc:subfield code="a">učitelé</marc:subfield>
      </marc:datafield>
      <marc:datafield tag="R06" ind1=" " ind2=" ">
         <marc:subfield code="a">fotografové</marc:subfield>
      </marc:datafield>
      <marc:datafield tag="R07" ind1=" " ind2=" ">
         <marc:subfield code="a">Učitel přírodovědných předmětů, fotograf. Narodil se 12. 1. 1911 v Prostějově. V roce 1918 se rodina přestěhovala do Doudlevec u Plzně. V letech 1922-1929 navštěvoval reálné gymnázium v Plzni a 1930-1931 učitelský ústav. Pak působil na několika školách na Plzeňsku jako pomocný učitel, 1937-1953 učil na měšťanské škole v Plasích. V r. 1940 vznikla významná práce Plasy slovem i obrazem, kterou doplnil souborem 230 fotografií (dnes uložena v SOA v Plasích). V letech 1940-1943 byly jeho fotografie několikrát otištěny v časopise Fotografický obzor. V r. 1945 fotografoval období konce války a osvobození Americkou i Rudou armádou. V r. 1953 nastoupil jako odborný učitel na Osmiletou střední školu v Kaznějově, kde učil do odchodu do důchodu v r. 1971. Byl též fotografickým dopisovatelem krajského deníku Pravda a okresního Rozvoj.</marc:subfield>
      </marc:datafield>
      <marc:datafield tag="670" ind1=" " ind2=" ">
         <marc:subfield code="a">Kornatovský, Ivo. Václav Došlý : 1911-2001 : učitel a fotograf severního Plzeňska. Plasy : Plasy sobě z.s., 2019, 34 s. - ISBN 978-80-270-4953-0 (brožováno)- sign. SVK 391A71295</marc:subfield>
      </marc:datafield>
      <marc:datafield tag="678" ind1="0" ind2=" ">
         <marc:subfield code="a">Narozen 12. 1. 1911 v Prostějově, zemřel 22. 9. 2001 v Mirošově. Učitel přírodovědeckých a technických předmětů, fotograf.</marc:subfield>
      </marc:datafield>
      <marc:datafield tag="909" ind1=" " ind2=" ">
         <marc:subfield code="a">CZ</marc:subfield>
      </marc:datafield>
      <marc:datafield tag="IST" ind1=" " ind2=" ">
         <marc:subfield code="a">sa20190624</marc:subfield>
         <marc:subfield code="b">ib</marc:subfield>
      </marc:datafield>
      <marc:datafield tag="KDN" ind1=" " ind2=" ">
         <marc:subfield code="a">19110112</marc:subfield>
      </marc:datafield>
      <marc:datafield tag="KDU" ind1=" " ind2=" ">
         <marc:subfield code="a">20010922</marc:subfield>
      </marc:datafield>
      <marc:leader>-----nz--a22-----n--4500</marc:leader>
   </marc:record>