
   <marc:record>
      <marc:controlfield tag="001">000007810</marc:controlfield>
      <marc:controlfield tag="003">CZ-PlERL</marc:controlfield>
      <marc:controlfield tag="005">20190827140147.0</marc:controlfield>
      <marc:controlfield tag="008">190827-n-acnnnaabn-----------n-a-a------</marc:controlfield>
      <marc:datafield tag="040" ind1=" " ind2=" ">
         <marc:subfield code="a">PNA001</marc:subfield>
         <marc:subfield code="b">cze</marc:subfield>
      </marc:datafield>
      <marc:datafield tag="100" ind1="1" ind2=" ">
         <marc:subfield code="a">Prowázek, Stanislav,</marc:subfield>
         <marc:subfield code="d">1875-1915</marc:subfield>
         <marc:subfield code="7">jk01101405</marc:subfield>
         <marc:subfield code="s">PhDr.</marc:subfield>
      </marc:datafield>
      <marc:datafield tag="R02" ind1=" " ind2=" ">
         <marc:subfield code="o">Jindřichův Hradec</marc:subfield>
         <marc:subfield code="m">Jindřichův Hradec</marc:subfield>
      </marc:datafield>
      <marc:datafield tag="R03" ind1=" " ind2=" ">
         <marc:subfield code="o">Karviná</marc:subfield>
         <marc:subfield code="m">Chotěbuz</marc:subfield>
      </marc:datafield>
      <marc:datafield tag="R04" ind1=" " ind2=" ">
         <marc:subfield code="a">Zoologie</marc:subfield>
      </marc:datafield>
      <marc:datafield tag="R05" ind1=" " ind2=" ">
         <marc:subfield code="o">Plzeň-měsro</marc:subfield>
         <marc:subfield code="m">Plzeň</marc:subfield>
      </marc:datafield>
      <marc:datafield tag="R06" ind1=" " ind2=" ">
         <marc:subfield code="a">mikrobiologové</marc:subfield>
      </marc:datafield>
      <marc:datafield tag="R06" ind1=" " ind2=" ">
         <marc:subfield code="a">parazitologové</marc:subfield>
      </marc:datafield>
      <marc:datafield tag="R07" ind1=" " ind2=" ">
         <marc:subfield code="a">Zoololog a parazitolog. Dětství a mládí prožil v Plzni, kde chodil do české, později německé školy a absolvoval premonstrátské gymnázium. Pak studoval zoologii a botaniku na univerzitě v Praze a ve Vídni. Soustředil se na lékařskou zoologii.V r. 1906 se stal ředitelem Ústavu pro tropické a lodní nemoci v Hamburku. Publikoval stovky odborných prací, zabýval se též výzkumem původce skvrnitého tyfu. Na nákazu tyfem zemřel.</marc:subfield>
      </marc:datafield>
      <marc:datafield tag="670" ind1=" " ind2=" ">
         <marc:subfield code="a">Stanislav Provázek (1875-1915). In: Sto tváří z jihočeské kulturní historie / Dagmar Blümlová. Pelhřimov: Nová tiskárna, 2000, s. 214-217. - 1 fot. - ISBN 80-902584-6-8</marc:subfield>
      </marc:datafield>
      <marc:datafield tag="678" ind1="0" ind2=" ">
         <marc:subfield code="a">Narozen 12.11.1875 v Jindřichově Hradci, zemřel 17.2.1915 v Chotěbuzi. PhDr., profesor, mikrobiolog, práce z oboru.</marc:subfield>
      </marc:datafield>
      <marc:datafield tag="909" ind1=" " ind2=" ">
         <marc:subfield code="a">CZ</marc:subfield>
      </marc:datafield>
      <marc:datafield tag="IST" ind1=" " ind2=" ">
         <marc:subfield code="a">sa20190827</marc:subfield>
         <marc:subfield code="b">ib</marc:subfield>
      </marc:datafield>
      <marc:datafield tag="KDN" ind1=" " ind2=" ">
         <marc:subfield code="a">18751112</marc:subfield>
      </marc:datafield>
      <marc:datafield tag="KDU" ind1=" " ind2=" ">
         <marc:subfield code="a">19150217</marc:subfield>
      </marc:datafield>
      <marc:leader>-----nz--a22-----n--4500</marc:leader>
   </marc:record>