
   <marc:record>
      <marc:controlfield tag="001">000005111</marc:controlfield>
      <marc:controlfield tag="003">CZ-PlERL</marc:controlfield>
      <marc:controlfield tag="005">20161017144232.0</marc:controlfield>
      <marc:controlfield tag="008">090202-n-acnnnaabn-----------n-a-a------</marc:controlfield>
      <marc:datafield tag="040" ind1=" " ind2=" ">
         <marc:subfield code="a">PNA001</marc:subfield>
         <marc:subfield code="b">cze</marc:subfield>
      </marc:datafield>
      <marc:datafield tag="100" ind1="0" ind2=" ">
         <marc:subfield code="a">Adam Jindřich ze Steinau,</marc:subfield>
         <marc:subfield code="d">ca 1640-1712</marc:subfield>
         <marc:subfield code="7">pna2008482489</marc:subfield>
      </marc:datafield>
      <marc:datafield tag="R04" ind1=" " ind2=" ">
         <marc:subfield code="a">1618-1781</marc:subfield>
      </marc:datafield>
      <marc:datafield tag="R05" ind1=" " ind2=" ">
         <marc:subfield code="o">Plzeň-jih</marc:subfield>
         <marc:subfield code="m">Nebílovy</marc:subfield>
      </marc:datafield>
      <marc:datafield tag="R06" ind1=" " ind2=" ">
         <marc:subfield code="a">šlechtici</marc:subfield>
      </marc:datafield>
      <marc:datafield tag="R06" ind1=" " ind2=" ">
         <marc:subfield code="a">vojevůdci</marc:subfield>
      </marc:datafield>
      <marc:datafield tag="R07" ind1=" " ind2=" ">
         <marc:subfield code="a">Šlechtic, vojevůdce, stavitel zámku v Nebílovech.</marc:subfield>
      </marc:datafield>
      <marc:datafield tag="670" ind1=" " ind2=" ">
         <marc:subfield code="a">Růžička, David. Válečník našel klid až v Nebílovech. Plzeňský deník, [17], 2008, 1.IX., č. 205, s. 4</marc:subfield>
      </marc:datafield>
      <marc:datafield tag="678" ind1="0" ind2=" ">
         <marc:subfield code="a">Narozen ca 1640, zemřel 31.10.1712. Vojevůdce, majitel panství Nebílovy, Chlumčany a Žinkovy, stavitel zámku v Nebílovech.</marc:subfield>
      </marc:datafield>
      <marc:datafield tag="909" ind1=" " ind2=" ">
         <marc:subfield code="a">CZ</marc:subfield>
      </marc:datafield>
      <marc:datafield tag="KDN" ind1=" " ind2=" ">
         <marc:subfield code="a">16400000</marc:subfield>
      </marc:datafield>
      <marc:datafield tag="KDU" ind1=" " ind2=" ">
         <marc:subfield code="a">17121031</marc:subfield>
      </marc:datafield>
      <marc:datafield tag="KFW" ind1=" " ind2=" ">
         <marc:subfield code="a">2010</marc:subfield>
         <marc:subfield code="b">00</marc:subfield>
         <marc:subfield code="c">00</marc:subfield>
      </marc:datafield>
      <marc:datafield tag="KFW" ind1=" " ind2=" ">
         <marc:subfield code="a">2012</marc:subfield>
         <marc:subfield code="b">h</marc:subfield>
      </marc:datafield>
      <marc:datafield tag="KFW" ind1=" " ind2=" ">
         <marc:subfield code="a">2012</marc:subfield>
         <marc:subfield code="b">10</marc:subfield>
         <marc:subfield code="c">31</marc:subfield>
      </marc:datafield>
      <marc:leader>-----nz--a22-----n--4500</marc:leader>
   </marc:record>